@article{Badger:2016uuq,
    author = "Badger, Simon",
    editor = "Salinas, Luis and Torres, Claudio",
    title = "{Automating QCD amplitudes with on-shell methods}",
    eprint = "1605.02172",
    archivePrefix = "arXiv",
    primaryClass = "hep-ph",
    doi = "10.1088/1742-6596/762/1/012057",
    journal = "J. Phys. Conf. Ser.",
    volume = "762",
    number = "1",
    pages = "012057",
    year = "2016"
}

@article{Liu:2023cgs,
    author = "Liu, Xiao",
    title = "{Reconstruction of rational functions made simple}",
    eprint = "2306.12262",
    archivePrefix = "arXiv",
    primaryClass = "hep-ph",
    month = "6",
    year = "2023"
}

@article{DeLaurentis:2022otd,
    author = "De Laurentis, Giuseppe and Page, Ben",
    title = {{Ans\"atze for scattering amplitudes from p-adic numbers and algebraic geometry}},
    eprint = "2203.04269",
    archivePrefix = "arXiv",
    primaryClass = "hep-th",
    reportNumber = "FR-PHENO-2022-03, CERN-TH-2022-014",
    doi = "10.1007/JHEP12(2022)140",
    journal = "JHEP",
    volume = "12",
    pages = "140",
    year = "2022"
}

@article{Tkachov:1981wb,
    author = "Tkachov, F. V.",
    title = "{A Theorem on Analytical Calculability of Four Loop Renormalization Group Functions}",
    doi = "10.1016/0370-2693(81)90288-4",
    journal = "Phys. Lett. B",
    volume = "100",
    pages = "65--68",
    year = "1981"
}

@article{Smirnov:2019qkx,
    author = "Smirnov, A. V. and Chuharev, F. S.",
    title = "{FIRE6: Feynman Integral REduction with Modular Arithmetic}",
    eprint = "1901.07808",
    archivePrefix = "arXiv",
    primaryClass = "hep-ph",
    reportNumber = "TTP19-006",
    doi = "10.1016/j.cpc.2019.106877",
    journal = "Comput. Phys. Commun.",
    volume = "247 ",
    pages = "106877",
    year = "2020"
}

@article{Klappert:2020nbg,
    author = {Klappert, Jonas and Lange, Fabian and Maierh\"ofer, Philipp and Usovitsch, Johann},
    title = "{Integral reduction with Kira 2.0 and finite field methods}",
    eprint = "2008.06494",
    archivePrefix = "arXiv",
    primaryClass = "hep-ph",
    reportNumber = "TTK-20-24, P3H-20-041, FR-PHENO-2020-11, MITP/20-044",
    doi = "10.1016/j.cpc.2021.108024",
    journal = "Comput. Phys. Commun.",
    volume = "266",
    pages = "108024",
    year = "2021"
}

@article{vonManteuffel:2014ixa,
    author = "von Manteuffel, Andreas and Schabinger, Robert M.",
    title = "{A novel approach to integration by parts reduction}",
    eprint = "1406.4513",
    archivePrefix = "arXiv",
    primaryClass = "hep-ph",
    reportNumber = "MITP-14-009",
    doi = "10.1016/j.physletb.2015.03.029",
    journal = "Phys. Lett. B",
    volume = "744",
    pages = "101--104",
    year = "2015"
}

@article{Canko:2021xmn,
    author = "Canko, Dhimiter D. and Syrrakos, Nikolaos",
    title = "{Planar three-loop master integrals for 2 \textrightarrow{} 2 processes with one external massive particle}",
    eprint = "2112.14275",
    archivePrefix = "arXiv",
    primaryClass = "hep-ph",
    reportNumber = "TUM-HEP-1385/21",
    doi = "10.1007/JHEP04(2022)134",
    journal = "JHEP",
    volume = "04",
    pages = "134",
    year = "2022"
}

@article{Canko:2020gqp,
    author = "Canko, Dhimiter D. and Syrrakos, Nikolaos",
    title = "{Resummation methods for Master Integrals}",
    eprint = "2010.06947",
    archivePrefix = "arXiv",
    primaryClass = "hep-ph",
    doi = "10.1007/JHEP02(2021)080",
    journal = "JHEP",
    volume = "02",
    pages = "080",
    year = "2021"
}

@article{DiVita:2014pza,
    author = "Di Vita, Stefano and Mastrolia, Pierpaolo and Schubert, Ulrich and Yundin, Valery",
    title = "{Three-loop master integrals for ladder-box diagrams with one massive leg}",
    eprint = "1408.3107",
    archivePrefix = "arXiv",
    primaryClass = "hep-ph",
    doi = "10.1007/JHEP09(2014)148",
    journal = "JHEP",
    volume = "09",
    pages = "148",
    year = "2014"
}

@article{Henn:2023vbd,
    author = "Henn, Johannes M. and Lim, Jungwon and Torres Bobadilla, William J.",
    title = "{First look at the evaluation of three-loop non-planar Feynman diagrams for Higgs plus jet production}",
    eprint = "2302.12776",
    archivePrefix = "arXiv",
    primaryClass = "hep-th",
    reportNumber = "MPP-2023-35",
    doi = "10.1007/JHEP05(2023)026",
    journal = "JHEP",
    volume = "05",
    pages = "026",
    year = "2023"
}

@article{ulrich-radcor,
  title= "{QED at NNLO and beyond for precision experiments}",
  author = "Ulrich , Yannich",
  year = "2023",
  journal = "\href{https://indico.ph.ed.ac.uk/event/118/contributions/2386/attachments/1270/1796/radcor-yu.pdf}{RADCOR 2023 -- 16th International Symposium on Radiative Corrections: Applications of Quantum Field Theory to Phenomenology}",
  URL = "https://indico.ph.ed.ac.uk/event/118/contributions/2386/attachments/1270/1796/radcor-yu.pdf",
}

@article{Abreu:2023rco,
    author = "Abreu, Samuel and Chicherin, Dmitry and Ita, Harald and Page, Ben and Sotnikov, Vasily and Tschernow, Wladimir and Zoia, Simone",
    title = "{All Two-Loop Feynman Integrals for Five-Point One-Mass Scattering}",
    eprint = "2306.15431",
    archivePrefix = "arXiv",
    primaryClass = "hep-ph",
    month = "6",
    year = "2023"
}

@article{Wang:2021imw,
    author = "Wang, Yuxuan and Yang, Li Lin and Zhou, Bin",
    title = "{FastGPL: a C++ library for fast evaluation of generalized polylogarithms}",
    eprint = "2112.04122",
    archivePrefix = "arXiv",
    primaryClass = "hep-ph",
    month = "12",
    year = "2021"
}

@article{PSLQ,
  author = "Ferguson, H. R. P. and Bailey, D. H.",
  title = "{A Polynomial Time, Numerically Stable Integer Relation Algorithm}",
  journal = "RNR Technical Report RNR-91-032",
  year = "1992"
}


@article{Gehrmann:2023zpz,
    author = "Gehrmann, Thomas and Jakub\v{c}\'{i}k, Petr and Mella, Cesare Carlo and Syrrakos, Nikolaos and Tancredi, Lorenzo",
    title = "{Two-loop helicity amplitudes for $V+$jet production including axial vector couplings to higher orders in $\epsilon$}",
    eprint = "2306.10170",
    archivePrefix = "arXiv",
    primaryClass = "hep-ph",
    reportNumber = "ZU-TH 21/23, TUM-HEP 1459/23",
    month = "6",
    year = "2023"
}

@article{Gehrmann:2023etk,
    author = "Gehrmann, Thomas and Jakub\v{c}\'{i}k, Petr and Mella, Cesare Carlo and Syrrakos, Nikolaos and Tancredi, Lorenzo",
    title = "{Two-loop helicity amplitudes for $H+$jet production to higher orders in the dimensional regulator}",
    eprint = "2301.10849",
    archivePrefix = "arXiv",
    primaryClass = "hep-ph",
    reportNumber = "ZU-TH 07/23, TUM-HEP 1451/23",
    doi = "10.1007/JHEP04(2023)016",
    journal = "JHEP",
    volume = "04",
    pages = "016",
    year = "2023"
}

@article{Gehrmann:2022vuk,
    author = "Gehrmann, Thomas and Peraro, Tiziano and Tancredi, Lorenzo",
    title = "{Two-loop QCD corrections to the V \textrightarrow{}$ q\overline{q}g $ helicity amplitudes with axial-vector couplings}",
    eprint = "2211.13596",
    archivePrefix = "arXiv",
    primaryClass = "hep-ph",
    reportNumber = "TUM-HEP-1439/22, ZU-TH 49/22",
    doi = "10.1007/JHEP02(2023)041",
    journal = "JHEP",
    volume = "02",
    pages = "041",
    year = "2023"
}

@article{Abreu:2022mfk,
    author = "Abreu, Samuel and Britto, Ruth and Duhr, Claude",
    title = "{The SAGEX review on scattering amplitudes Chapter 3: Mathematical structures in Feynman integrals}",
    eprint = "2203.13014",
    archivePrefix = "arXiv",
    primaryClass = "hep-th",
    reportNumber = "SAGEX-22-04, BONN-TH-2022-03, CERN-TH-2022-021",
    doi = "10.1088/1751-8121/ac87de",
    journal = "J. Phys. A",
    volume = "55",
    number = "44",
    pages = "443004",
    year = "2022"
}

@article{Radford1979ANR,
  title={A natural ring basis for the shuffle algebra and an application to group schemes},
  author={David E. Radford},
  journal={Journal of Algebra},
  year={1979},
  volume={58},
  pages={432-454}
}

@article{Duhr:2019tlz,
    author = "Duhr, Claude and Dulat, Falko",
    title = "{PolyLogTools \textemdash{} polylogs for the masses}",
    eprint = "1904.07279",
    archivePrefix = "arXiv",
    primaryClass = "hep-th",
    reportNumber = "CP3-19-17, CERN-TH-2019-045, SLAC-PUB-17423",
    doi = "10.1007/JHEP08(2019)135",
    journal = "JHEP",
    volume = "08",
    pages = "135",
    year = "2019"
}

@article{Badger:2021nhg,
    author = "Badger, Simon and Hartanto, Heribertus Bayu and Zoia, Simone",
    title = "{Two-Loop QCD Corrections to $Wb\bar{b}$ Production at Hadron Colliders}",
    eprint = "2102.02516",
    archivePrefix = "arXiv",
    primaryClass = "hep-ph",
    reportNumber = "CAVENDISH-HEP-21/01",
    doi = "10.1103/PhysRevLett.127.012001",
    journal = "Phys. Rev. Lett.",
    volume = "127",
    number = "1",
    pages = "012001",
    year = "2021"
}

@article{Chen:1977oja,
    author = "Chen, Kuo-Tsai",
    title = "{Iterated path integrals}",
    doi = "10.1090/S0002-9904-1977-14320-6",
    journal = "Bull. Am. Math. Soc.",
    volume = "83",
    pages = "831--879",
    year = "1977"
}

@article{Gaiotto:2011dt,
    author = "Gaiotto, Davide and Maldacena, Juan and Sever, Amit and Vieira, Pedro",
    title = "{Pulling the straps of polygons}",
    eprint = "1102.0062",
    archivePrefix = "arXiv",
    primaryClass = "hep-th",
    doi = "10.1007/JHEP12(2011)011",
    journal = "JHEP",
    volume = "12",
    pages = "011",
    year = "2011"
}

@phdthesis{Dlapa:2022nct,
    author = "Dlapa, Christoph",
    title = "{Algorithms and techniques for finding canonical differential equations of Feynman integrals}",
    doi = "10.5282/edoc.29769",
    school = "Munich U.",
    year = "2022"
}

@article{Caola:2014lpa,
    author = "Caola, Fabrizio and Henn, Johannes M. and Melnikov, Kirill and Smirnov, Vladimir A.",
    title = "{Non-planar master integrals for the production of two off-shell vector bosons in collisions of massless partons}",
    eprint = "1404.5590",
    archivePrefix = "arXiv",
    primaryClass = "hep-ph",
    doi = "10.1007/JHEP09(2014)043",
    journal = "JHEP",
    volume = "09",
    pages = "043",
    year = "2014"
}

@article{Henn:2014lfa,
    author = "Henn, Johannes M. and Melnikov, Kirill and Smirnov, Vladimir A.",
    title = "{Two-loop planar master integrals for the production of off-shell vector bosons in hadron collisions}",
    eprint = "1402.7078",
    archivePrefix = "arXiv",
    primaryClass = "hep-ph",
    doi = "10.1007/JHEP05(2014)090",
    journal = "JHEP",
    volume = "05",
    pages = "090",
    year = "2014"
}

@article{Gehrmann:2015bfy,
    author = "Gehrmann, T. and Henn, J. M. and Lo Presti, N. A.",
    title = "{Analytic form of the two-loop planar five-gluon all-plus-helicity amplitude in QCD}",
    eprint = "1511.05409",
    archivePrefix = "arXiv",
    primaryClass = "hep-ph",
    reportNumber = "MITP-15-101, ZU-TH-36-15",
    doi = "10.1103/PhysRevLett.116.062001",
    journal = "Phys. Rev. Lett.",
    volume = "116",
    number = "6",
    pages = "062001",
    year = "2016",
    note = "[Erratum: Phys.Rev.Lett. 116, 189903 (2016)]"
}

@article{Henn:2020lye,
    author = "Henn, Johannes and Mistlberger, Bernhard and Smirnov, Vladimir A. and Wasser, Pascal",
    title = "{Constructing d-log integrands and computing master integrals for three-loop four-particle scattering}",
    eprint = "2002.09492",
    archivePrefix = "arXiv",
    primaryClass = "hep-ph",
    reportNumber = "MPP-2020-13, MITP/20-006, MIT-CTP/5176",
    doi = "10.1007/JHEP04(2020)167",
    journal = "JHEP",
    volume = "04",
    pages = "167",
    year = "2020"
}

@article{Henn:2014qga,
    author = "Henn, Johannes M.",
    title = "{Lectures on differential equations for Feynman integrals}",
    eprint = "1412.2296",
    archivePrefix = "arXiv",
    primaryClass = "hep-ph",
    doi = "10.1088/1751-8113/48/15/153001",
    journal = "J. Phys. A",
    volume = "48",
    pages = "153001",
    year = "2015"
}

@article{Chetyrkin:1981qh,
      author         = "Chetyrkin, K. G. and Tkachov, F. V.",
      title          = "{Integration by Parts: The Algorithm to Calculate beta
                        Functions in 4 Loops}",
      journal        = "Nucl. Phys.",
      volume         = "B192",
      year           = "1981",
      pages          = "159-204",
      doi            = "10.1016/0550-3213(81)90199-1",
      SLACcitation   = "%%CITATION = NUPHA,B192,159;%%"
}

@article{Laporta:2001dd,
      author         = "Laporta, S.",
      title          = "{High precision calculation of multiloop Feynman
                        integrals by difference equations}",
      journal        = "Int. J. Mod. Phys.",
      volume         = "A15",
      year           = "2000",
      pages          = "5087-5159",
      doi            = "10.1016/S0217-751X(00)00215-7, 10.1142/S0217751X00002157",
      eprint         = "hep-ph/0102033",
      archivePrefix  = "arXiv",
      primaryClass   = "hep-ph",
      SLACcitation   = "%%CITATION = HEP-PH/0102033;%%"
}

@article{Pak:2011xt,
    author = "Pak, Alexey",
    editor = "Teodorescu, Liliana and Britton, David and Glover, Nigel and Heinrich, Gudrun and Lauret, Jerome and Naumann, Axel and Speer, Thomas and Teixeira-Dias, Pedro",
    title = "{The Toolbox of modern multi-loop calculations: novel analytic and semi-analytic techniques}",
    eprint = "1111.0868",
    archivePrefix = "arXiv",
    primaryClass = "hep-ph",
    doi = "10.1088/1742-6596/368/1/012049",
    journal = "J. Phys. Conf. Ser.",
    volume = "368",
    pages = "012049",
    year = "2012"
}

@article{Lee:2013mka,
    author = "Lee, Roman N.",
    editor = "Wang, Jianxiong",
    title = "{LiteRed 1.4: a powerful tool for reduction of multiloop integrals}",
    eprint = "1310.1145",
    archivePrefix = "arXiv",
    primaryClass = "hep-ph",
    doi = "10.1088/1742-6596/523/1/012059",
    journal = "J. Phys. Conf. Ser.",
    volume = "523",
    pages = "012059",
    year = "2014"
}

@article{Peraro:2016wsq,
    author = "Peraro, Tiziano",
    title = "{Scattering amplitudes over finite fields and multivariate functional reconstruction}",
    eprint = "1608.01902",
    archivePrefix = "arXiv",
    primaryClass = "hep-ph",
    reportNumber = "EDINBURGH-2016-14",
    doi = "10.1007/JHEP12(2016)030",
    journal = "JHEP",
    volume = "12",
    pages = "030",
    year = "2016"
}

@article{Peraro:2019svx,
    author = "Peraro, Tiziano",
    title = "{FiniteFlow: multivariate functional reconstruction using finite fields and dataflow graphs}",
    eprint = "1905.08019",
    archivePrefix = "arXiv",
    primaryClass = "hep-ph",
    reportNumber = "ZU-TH 24/19",
    doi = "10.1007/JHEP07(2019)031",
    journal = "JHEP",
    volume = "07",
    pages = "031",
    year = "2019"
}

@article{Hodges:2009hk,
    author = "Hodges, Andrew",
    title = "{Eliminating spurious poles from gauge-theoretic amplitudes}",
    eprint = "0905.1473",
    archivePrefix = "arXiv",
    primaryClass = "hep-th",
    doi = "10.1007/JHEP05(2013)135",
    journal = "JHEP",
    volume = "05",
    pages = "135",
    year = "2013"
}

@article{Kuipers:2012rf,
      author         = "Kuipers, J. and Ueda, T. and Vermaseren, J. A. M. and
                        Vollinga, J.",
      title          = "{FORM version 4.0}",
      journal        = "Comput. Phys. Commun.",
      volume         = "184",
      year           = "2013",
      pages          = "1453-1467",
      doi            = "10.1016/j.cpc.2012.12.028",
      eprint         = "1203.6543",
      archivePrefix  = "arXiv",
      primaryClass   = "cs.SC",
      reportNumber   = "NIKHEF-2012-004, TTP12-008, SFB-CPP-12-15",
      SLACcitation   = "%%CITATION = ARXIV:1203.6543;%%"
}

@article{Ruijl:2017dtg,
      author         = "Ruijl, Ben and Ueda, Takahiro and Vermaseren, Jos",
      title          = "{FORM version 4.2}",
      year           = "2017",
      eprint         = "1707.06453",
      archivePrefix  = "arXiv",
      primaryClass   = "hep-ph",
      SLACcitation   = "%%CITATION = ARXIV:1707.06453;%%"
}

@article{Nogueira:1991ex,
      author         = "Nogueira, Paulo",
      title          = "{Automatic Feynman graph generation}",
      journal        = "J. Comput. Phys.",
      volume         = "105",
      year           = "1993",
      pages          = "279-289",
      doi            = "10.1006/jcph.1993.1074",
      reportNumber   = "IFM-7-91",
      SLACcitation   = "%%CITATION = JCTPA,105,279;%%"
}

@article{Banerjee:2020tdt,
    author = "Banerjee, Pulak and others",
    title = "{Theory for muon-electron scattering @ 10 ppm: A report of the MUonE theory initiative}",
    eprint = "2004.13663",
    archivePrefix = "arXiv",
    primaryClass = "hep-ph",
    reportNumber = "IFIC/20-16, LAPTH-017/20, PSI-PR-20-05, TTP20-018, ZU-TH 11/20",
    doi = "10.1140/epjc/s10052-020-8138-9",
    journal = "Eur. Phys. J. C",
    volume = "80",
    number = "6",
    pages = "591",
    year = "2020"
}

@inproceedings{Abbiendi:2022liz,
    author = "Abbiendi, G. and others",
    title = "{Mini-Proceedings of the STRONG2020 Virtual Workshop on ''Space-like and Time-like determination of the Hadronic Leading Order contribution to the Muon $g-2$''}",
    booktitle = "{STRONG2020 Virtual Workshop \textquotedblleft{}Space-like and Time-like determination of the Hadronic Leading Order contribution to the Muon g \ensuremath{-} 2\textquotedblright{}}",
    eprint = "2201.12102",
    archivePrefix = "arXiv",
    primaryClass = "hep-ph",
    reportNumber = "LTH 1294, MPP-2022-8",
    month = "1",
    year = "2022"
}

@article{Broggio:2022htr,
    author = "Broggio, A. and others",
    title = "{Muon-electron scattering at NNLO}",
    eprint = "2212.06481",
    archivePrefix = "arXiv",
    primaryClass = "hep-ph",
    reportNumber = "FR-PHENO-2022-11; IPPP/22/81; MPP-2022-139; PSI-PR-22-36; ZU-TH
  59/22; UWThPh-2022-17",
    doi = "10.1007/JHEP01(2023)112",
    journal = "JHEP",
    volume = "01",
    pages = "112",
    year = "2023"
}

@article{Vollinga:2004sn,
    author = "Vollinga, Jens and Weinzierl, Stefan",
    title = "{Numerical evaluation of multiple polylogarithms}",
    eprint = "hep-ph/0410259",
    archivePrefix = "arXiv",
    reportNumber = "MZ-TH-04-17",
    doi = "10.1016/j.cpc.2004.12.009",
    journal = "Comput. Phys. Commun.",
    volume = "167",
    pages = "177",
    year = "2005"
}

@article{Bauer:2000cp,
    author = "Bauer, Christian W. and Frink, Alexander and Kreckel, Richard",
    title = "{Introduction to the GiNaC framework for symbolic computation within the C++ programming language}",
    eprint = "cs/0004015",
    archivePrefix = "arXiv",
    reportNumber = "MZ-TH-00-17",
    doi = "10.1006/jsco.2001.0494",
    journal = "J. Symb. Comput.",
    volume = "33",
    pages = "1--12",
    year = "2002"
}

@article{Spedicato:2022qtw,
    author = "Spedicato, Eugenia",
    collaboration = "MUonE",
    title = "{Status of the MUonE experiment}",
    doi = "10.22323/1.398.0642",
    journal = "PoS",
    volume = "EPS-HEP2021",
    pages = "642",
    month = "1",
    year = "2022"
}

@article{Abbiendi:2022oks,
    author = "Abbiendi, Giovanni",
    title = "{Status of the MUonE experiment}",
    eprint = "2201.13177",
    archivePrefix = "arXiv",
    primaryClass = "physics.ins-det",
    doi = "10.1088/1402-4896/ac6297",
    journal = "Phys. Scripta",
    volume = "97",
    number = "5",
    pages = "054007",
    month = "1",
    year = "2022"
}

@article{Abbiendi:2016xup,
    author = "Abbiendi, G. and others",
    title = "{Measuring the leading hadronic contribution to the muon g-2 via $\mu e$ scattering}",
    eprint = "1609.08987",
    archivePrefix = "arXiv",
    primaryClass = "hep-ex",
    doi = "10.1140/epjc/s10052-017-4633-z",
    journal = "Eur. Phys. J. C",
    volume = "77",
    number = "3",
    pages = "139",
    year = "2017"
}

@article{CarloniCalame:2015obs,
    author = "Carloni Calame, C. M. and Passera, M. and Trentadue, L. and Venanzoni, G.",
    title = "{A new approach to evaluate the leading hadronic corrections to the muon $g$-2}",
    eprint = "1504.02228",
    archivePrefix = "arXiv",
    primaryClass = "hep-ph",
    doi = "10.1016/j.physletb.2015.05.020",
    journal = "Phys. Lett. B",
    volume = "746",
    pages = "325--329",
    year = "2015"
}

@article{Balzani:2021del,
    author = "Balzani, Elisa and Laporta, Stefano and Passera, Massimo",
    title = "{Hadronic vacuum polarization contributions to the muon g-2 in the space-like region}",
    eprint = "2112.05704",
    archivePrefix = "arXiv",
    primaryClass = "hep-ph",
    doi = "10.1016/j.physletb.2022.137462",
    journal = "Phys. Lett. B",
    volume = "834",
    pages = "137462",
    year = "2022"
}

@article{Muong-2:2021ojo,
    author = "Abi, B. and others",
    collaboration = "Muon g-2",
    title = "{Measurement of the Positive Muon Anomalous Magnetic Moment to 0.46 ppm}",
    eprint = "2104.03281",
    archivePrefix = "arXiv",
    primaryClass = "hep-ex",
    reportNumber = "FERMILAB-PUB-21-132-E",
    doi = "10.1103/PhysRevLett.126.141801",
    journal = "Phys. Rev. Lett.",
    volume = "126",
    number = "14",
    pages = "141801",
    year = "2021"
}

@article{Aoyama:2020ynm,
    author = "Aoyama, T. and others",
    title = "{The anomalous magnetic moment of the muon in the Standard Model}",
    eprint = "2006.04822",
    archivePrefix = "arXiv",
    primaryClass = "hep-ph",
    reportNumber = "FERMILAB-PUB-20-207-T, INT-PUB-20-021, KEK Preprint 2020-5,
  MITP/20-028, KEK Preprint 2020-5, MITP/20-028, CERN-TH-2020-075, IFT-UAM/CSIC-20-74, LMU-ASC 18/20, LTH 1234,
  LU TP 20-20, LTH 1234, LU TP 20-20, MAN/HEP/2020/003, PSI-PR-20-06, UWThPh 2020-14, ZU-TH 18/20",
    doi = "10.1016/j.physrep.2020.07.006",
    journal = "Phys. Rept.",
    volume = "887",
    pages = "1--166",
    year = "2020"
}

@article{Budassi:2022dco,
    author = "Budassi, Ettore and Del Pio, Clara Lavinia",
    title = "{High precision calculations for the MUonE experiment}",
    doi = "10.22323/1.414.0796",
    journal = "PoS",
    volume = "ICHEP2022",
    pages = "796",
    month = "11",
    year = "2022"
}

@article{Pilato:2022wvg,
    author = "Pilato, R. N.",
    title = "{The MUonE experiment}",
    doi = "10.1393/ncc/i2022-22067-x",
    journal = "Nuovo Cim. C",
    volume = "45",
    number = "4",
    pages = "67",
    month = "7",
    year = "2022"
}

@misc{Durham:n3lo,
  author = "Ulrich, Y.",
  title = "{N\textsuperscript{3}LO kick-off workstop/thinkstart}",
  month = "Durham, Aug",
  year = "2022",
  howpublished = "\url{https://conference.ippp.dur.ac.uk/event/1104/}"
}

@article{Borsanyi:2020mff,
    author = "Borsanyi, Sz. and others",
    title = "{Leading hadronic contribution to the muon magnetic moment from lattice QCD}",
    eprint = "2002.12347",
    archivePrefix = "arXiv",
    primaryClass = "hep-lat",
    doi = "10.1038/s41586-021-03418-1",
    journal = "Nature",
    volume = "593",
    number = "7857",
    pages = "51--55",
    year = "2021"
}

@article{Bonciani:2021okt,
    author = "Bonciani, R. and others",
    title = "{Two-Loop Four-Fermion Scattering Amplitude in QED}",
    eprint = "2106.13179",
    archivePrefix = "arXiv",
    primaryClass = "hep-ph",
    reportNumber = "MPP-2021-84; ZU-TH 29/21",
    doi = "10.1103/PhysRevLett.128.022002",
    journal = "Phys. Rev. Lett.",
    volume = "128",
    number = "2",
    pages = "022002",
    year = "2022"
}

@article{Becher:2009qa,
    author = "Becher, Thomas and Neubert, Matthias",
    title = "{On the Structure of Infrared Singularities of Gauge-Theory Amplitudes}",
    eprint = "0903.1126",
    archivePrefix = "arXiv",
    primaryClass = "hep-ph",
    reportNumber = "FERMILAB-PUB-09-061-T, MZ-TH-09-05",
    doi = "10.1088/1126-6708/2009/06/081",
    journal = "JHEP",
    volume = "06",
    pages = "081",
    year = "2009",
    note = "[Erratum: JHEP 11, 024 (2013)]"
}

@article{Heller:2021qkz,
    author = "Heller, Matthias and von Manteuffel, Andreas",
    title = "{MultivariateApart: Generalized partial fractions}",
    eprint = "2101.08283",
    archivePrefix = "arXiv",
    primaryClass = "cs.SC",
    reportNumber = "MITP/21-002, MSUHEP-20-016",
    doi = "10.1016/j.cpc.2021.108174",
    journal = "Comput. Phys. Commun.",
    volume = "271",
    pages = "108174",
    year = "2022"
}

@article{Naterop:2019xaf,
    author = "Naterop, L. and Signer, A. and Ulrich, Y.",
    title = "{handyG \textemdash{}Rapid numerical evaluation of generalised polylogarithms in Fortran}",
    eprint = "1909.01656",
    archivePrefix = "arXiv",
    primaryClass = "hep-ph",
    reportNumber = "PSI-PR-19-17, ZU-TH 40/19",
    doi = "10.1016/j.cpc.2020.107165",
    journal = "Comput. Phys. Commun.",
    volume = "253",
    pages = "107165",
    year = "2020"
}

@article{Badger:2023mgf,
    author = "Badger, Simon and Czakon, Micha\l{} and Hartanto, Heribertus Bayu and Moodie, Ryan and Peraro, Tiziano and Poncelet, Rene and Zoia, Simone",
    title = "{Isolated photon production in association with a jet pair through next-to-next-to-leading order in QCD}",
    eprint = "2304.06682",
    archivePrefix = "arXiv",
    primaryClass = "hep-ph",
    reportNumber = "Cavendish-HEP-23/02, P3H-23-022, TTK-23-09",
    month = "4",
    year = "2023"
}

@article{Badger:2021imn,
    author = "Badger, Simon and Br\o{}nnum-Hansen, Christian and Chicherin, Dmitry and Gehrmann, Thomas and Hartanto, Heribertus Bayu and Henn, Johannes and Marcoli, Matteo and Moodie, Ryan and Peraro, Tiziano and Zoia, Simone",
    title = "{Virtual QCD corrections to gluon-initiated diphoton plus jet production at hadron colliders}",
    eprint = "2106.08664",
    archivePrefix = "arXiv",
    primaryClass = "hep-ph",
    doi = "10.1007/JHEP11(2021)083",
    journal = "JHEP",
    volume = "11",
    pages = "083",
    year = "2021"
}

@article{Abreu:2021oya,
    author = "Abreu, S. and Febres Cordero, F. and Ita, H. and Page, B. and Sotnikov, V.",
    title = "{Leading-color two-loop QCD corrections for three-jet production at hadron colliders}",
    eprint = "2102.13609",
    archivePrefix = "arXiv",
    primaryClass = "hep-ph",
    reportNumber = "CERN-TH-2021-023, FR-PHENO-2021-06, MPP-2021-20",
    doi = "10.1007/JHEP07(2021)095",
    journal = "JHEP",
    volume = "07",
    pages = "095",
    year = "2021"
}

@article{Chawdhry:2020for,
    author = "Chawdhry, Herschel A. and Czakon, Michal and Mitov, Alexander and Poncelet, Rene",
    title = "{Two-loop leading-color helicity amplitudes for three-photon production at the LHC}",
    eprint = "2012.13553",
    archivePrefix = "arXiv",
    primaryClass = "hep-ph",
    reportNumber = "Cavendish-HEP-20/15, OUTP-20-16P, P3H-20-084, TTK-20-50",
    doi = "10.1007/JHEP06(2021)150",
    journal = "JHEP",
    volume = "06",
    pages = "150",
    year = "2021"
}

@article{Abreu:2020cwb,
    author = "Abreu, S. and Page, B. and Pascual, E. and Sotnikov, V.",
    title = "{Leading-Color Two-Loop QCD Corrections for Three-Photon Production at Hadron Colliders}",
    eprint = "2010.15834",
    archivePrefix = "arXiv",
    primaryClass = "hep-ph",
    reportNumber = "CERN-TH-2020-176, FR-PHENO-2020-016, MPP-2020-190",
    doi = "10.1007/JHEP01(2021)078",
    journal = "JHEP",
    volume = "01",
    pages = "078",
    year = "2021"
}

@article{Agarwal:2021vdh,
    author = "Agarwal, Bakul and Buccioni, Federico and von Manteuffel, Andreas and Tancredi, Lorenzo",
    title = "{Two-Loop Helicity Amplitudes for Diphoton Plus Jet Production in Full Color}",
    eprint = "2105.04585",
    archivePrefix = "arXiv",
    primaryClass = "hep-ph",
    reportNumber = "MSUHEP-21-010, OUTP-21-12P",
    doi = "10.1103/PhysRevLett.127.262001",
    journal = "Phys. Rev. Lett.",
    volume = "127",
    number = "26",
    pages = "262001",
    year = "2021"
}

@article{Chawdhry:2021mkw,
    author = "Chawdhry, Herschel A. and Czakon, Michal and Mitov, Alexander and Poncelet, Rene",
    title = "{Two-loop leading-colour QCD helicity amplitudes for two-photon plus jet production at the LHC}",
    eprint = "2103.04319",
    archivePrefix = "arXiv",
    primaryClass = "hep-ph",
    reportNumber = "OUTP-21-06P, Cavendish-HEP-21/05, P3H-21-014, TTK-21-09",
    doi = "10.1007/JHEP07(2021)164",
    journal = "JHEP",
    volume = "07",
    pages = "164",
    year = "2021"
}

@article{Hartanto:2019uvl,
    author = "Hartanto, Heribertus Bayu and Badger, Simon and Br\o{}nnum-Hansen, Christian and Peraro, Tiziano",
    title = "{A numerical evaluation of planar two-loop helicity amplitudes for a W-boson plus four partons}",
    eprint = "1906.11862",
    archivePrefix = "arXiv",
    primaryClass = "hep-ph",
    reportNumber = "IPPP/19/56, ZU-TH 33/19",
    doi = "10.1007/JHEP09(2019)119",
    journal = "JHEP",
    volume = "09",
    pages = "119",
    year = "2019"
}


@article{Badger:2021ega,
    author = "Badger, Simon and Hartanto, Heribertus Bayu and Kry\'s, Jakub and Zoia, Simone",
    title = "{Two-loop leading-colour QCD helicity amplitudes for Higgs boson production in association with a bottom-quark pair at the LHC}",
    eprint = "2107.14733",
    archivePrefix = "arXiv",
    primaryClass = "hep-ph",
    reportNumber = "CAVENDISH-HEP-21/11",
    doi = "10.1007/JHEP11(2021)012",
    journal = "JHEP",
    volume = "11",
    pages = "012",
    year = "2021"
}

@article{Badger:2022ncb,
    author = "Badger, Simon and Hartanto, Heribertus Bayu and Kry\'s, Jakub and Zoia, Simone",
    title = "{Two-loop leading colour helicity amplitudes for W$^{±}$\ensuremath{\gamma} + j production at the LHC}",
    eprint = "2201.04075",
    archivePrefix = "arXiv",
    primaryClass = "hep-ph",
    reportNumber = "CAVENDISH-HEP-22/01",
    doi = "10.1007/JHEP05(2022)035",
    journal = "JHEP",
    volume = "05",
    pages = "035",
    year = "2022"
}

@article{Abreu:2019odu,
    author = "Abreu, S. and Dormans, J. and Febres Cordero, F. and Ita, H. and Page, B. and Sotnikov, V.",
    title = "{Analytic Form of the Planar Two-Loop Five-Parton Scattering Amplitudes in QCD}",
    eprint = "1904.00945",
    archivePrefix = "arXiv",
    primaryClass = "hep-ph",
    reportNumber = "CP3-19-13, FR-PHENO-2019-002, IPhT-19-024",
    doi = "10.1007/JHEP05(2019)084",
    journal = "JHEP",
    volume = "05",
    pages = "084",
    year = "2019"
}

@article{Agarwal:2021grm,
    author = "Agarwal, Bakul and Buccioni, Federico and von Manteuffel, Andreas and Tancredi, Lorenzo",
    title = "{Two-loop leading colour QCD corrections to $q \bar{q} \to \gamma \gamma g$ and $q g \to \gamma \gamma q$}",
    eprint = "2102.01820",
    archivePrefix = "arXiv",
    primaryClass = "hep-ph",
    reportNumber = "MSUHEP-21-005, OUTP-21-04P",
    doi = "10.1007/JHEP04(2021)201",
    journal = "JHEP",
    volume = "04",
    pages = "201",
    year = "2021"
}

@article{Hartanto:2022qhh,
    author = "Hartanto, Heribertus Bayu and Poncelet, Rene and Popescu, Andrei and Zoia, Simone",
    title = "{Next-to-next-to-leading order QCD corrections to Wbb\textasciimacron{} production at the LHC}",
    eprint = "2205.01687",
    archivePrefix = "arXiv",
    primaryClass = "hep-ph",
    reportNumber = "CAVENDISH-HEP-22/05",
    doi = "10.1103/PhysRevD.106.074016",
    journal = "Phys. Rev. D",
    volume = "106",
    number = "7",
    pages = "074016",
    year = "2022"
}

@article{Liu:2022chg,
    author = "Liu, Xiao and Ma, Yan-Qing",
    title = "{AMFlow: A Mathematica package for Feynman integrals computation via auxiliary mass flow}",
    eprint = "2201.11669",
    archivePrefix = "arXiv",
    primaryClass = "hep-ph",
    doi = "10.1016/j.cpc.2022.108565",
    journal = "Comput. Phys. Commun.",
    volume = "283",
    pages = "108565",
    year = "2023"
}

@Article{	  gehrmann:2000zt,
  author	= "Gehrmann, T. and Remiddi, E.",
  title		= "{Two loop master integrals for $\gamma^* \to 3$
		  jets: The Planar topologies}",
  eprint	= "hep-ph/0008287",
  archiveprefix	= "arXiv",
  reportnumber	= "KA-TTP-00-20",
  doi		= "10.1016/S0550-3213(01)00057-8",
  journal	= "Nucl. Phys. B",
  volume	= "601",
  pages		= "248--286",
  year		= "2001"
}

@Article{	  gehrmann:2001ck,
  author	= "Gehrmann, T. and Remiddi, E.",
  title		= "{Two loop master integrals for $\gamma^* \to 3$
		  jets: The Nonplanar topologies}",
  eprint	= "hep-ph/0101124",
  archiveprefix	= "arXiv",
  reportnumber	= "CERN-TH-2001-005",
  doi		= "10.1016/S0550-3213(01)00074-8",
  journal	= "Nucl. Phys. B",
  volume	= "601",
  pages		= "287--317",
  year		= "2001"
}

@article{Abreu:2020jxa,
    author = "Abreu, Samuel and Ita, Harald and Moriello, Francesco and Page, Ben and Tschernow, Wladimir and Zeng, Mao",
    title = "{Two-Loop Integrals for Planar Five-Point One-Mass Processes}",
    eprint = "2005.04195",
    archivePrefix = "arXiv",
    primaryClass = "hep-ph",
    doi = "10.1007/JHEP11(2020)117",
    journal = "JHEP",
    volume = "11",
    pages = "117",
    year = "2020"
}

@article{Lee:2012cn,
    author = "Lee, R. N.",
    title = "{Presenting LiteRed: a tool for the Loop InTEgrals REDuction}",
    eprint = "1212.2685",
    archivePrefix = "arXiv",
    primaryClass = "hep-ph",
    month = "12",
    year = "2012"
}

@article{Gnendiger:2017pys,
    author = "Gnendiger, C. and others",
    title = "{To ${d}$, or not to ${d}$: recent developments and comparisons of regularization schemes}",
    eprint = "1705.01827",
    archivePrefix = "arXiv",
    primaryClass = "hep-ph",
    reportNumber = "PSI-PR-17-06, ZU-TH-10-17, TUM-HEP-1081-17, IFIC-17-17, TIF-UNIMI-2017-4",
    doi = "10.1140/epjc/s10052-017-5023-2",
    journal = "Eur. Phys. J. C",
    volume = "77",
    number = "7",
    pages = "471",
    year = "2017"
}

@misc{precisionsm,
    title = "{PrecisionSM database}",
    howpublished = "\url{https://precision-sm.github.io/}"
}

@article{Garland:2001tf,
    author = "Garland, L. W. and Gehrmann, T. and Glover, E. W. Nigel and Koukoutsakis, A. and Remiddi, E.",
    title = "{The Two loop QCD matrix element for $e^+ e^- \to 3$ jets}",
    eprint = "hep-ph/0112081",
    archivePrefix = "arXiv",
    reportNumber = "IPPP-01-59, DCPT-01-118, CERN-TH-2001-348",
    doi = "10.1016/S0550-3213(02)00057-3",
    journal = "Nucl. Phys. B",
    volume = "627",
    pages = "107--188",
    year = "2002"
}

@article{Garland:2002ak,
    author = "Garland, L. W. and Gehrmann, T. and Glover, E. W. Nigel and Koukoutsakis, A. and Remiddi, E.",
    title = "{Two loop QCD helicity amplitudes for $e^+ e^- \to$ three jets}",
    eprint = "hep-ph/0206067",
    archivePrefix = "arXiv",
    reportNumber = "IPPP-02-28, DCPT-02-56, CERN-TH-2002-122",
    doi = "10.1016/S0550-3213(02)00627-2",
    journal = "Nucl. Phys. B",
    volume = "642",
    pages = "227--262",
    year = "2002"
}

@article{Banerjee:2020rww,
    author = "Banerjee, Pulak and Engel, T. and Signer, A. and Ulrich, Y.",
    title = "{QED at NNLO with McMule}",
    eprint = "2007.01654",
    archivePrefix = "arXiv",
    primaryClass = "hep-ph",
    reportNumber = "PSI-PR-20-09, ZU-TH 23/20",
    doi = "10.21468/SciPostPhys.9.2.027",
    journal = "SciPost Phys.",
    volume = "9",
    pages = "027",
    year = "2020"
}

@article{Gehrmann:2018yef,
    author = "Gehrmann, T. and Henn, J. M. and Lo Presti, N. A.",
    title = "{Pentagon functions for massless planar scattering amplitudes}",
    eprint = "1807.09812",
    archivePrefix = "arXiv",
    primaryClass = "hep-ph",
    reportNumber = "ZU-TH-25-18, ZU-TH 25/18, MPP-2018-180, MITP-18-067, IPPP-18-59, MITP/18-067, IPPP/18/59",
    doi = "10.1007/JHEP10(2018)103",
    journal = "JHEP",
    volume = "10",
    pages = "103",
    year = "2018"
}

@article{Chicherin:2020oor,
    author = "Chicherin, Dmitry and Sotnikov, Vasily",
    title = "{Pentagon Functions for Scattering of Five Massless Particles}",
    eprint = "2009.07803",
    archivePrefix = "arXiv",
    primaryClass = "hep-ph",
    reportNumber = "MPP-2020-171",
    doi = "10.1007/JHEP12(2020)167",
    journal = "JHEP",
    volume = "20",
    pages = "167",
    year = "2020"
}

@article{Chicherin:2021dyp,
    author = "Chicherin, Dmitry and Sotnikov, Vasily and Zoia, Simone",
    title = "{Pentagon functions for one-mass planar scattering amplitudes}",
    eprint = "2110.10111",
    archivePrefix = "arXiv",
    primaryClass = "hep-ph",
    reportNumber = "LAPTH-041/21, MPP-2021-182",
    doi = "10.1007/JHEP01(2022)096",
    journal = "JHEP",
    volume = "01",
    pages = "096",
    year = "2022"
}

@article{Engel:2018fsb,
    author = "Engel, T. and Gnendiger, C. and Signer, A. and Ulrich, Y.",
    title = "{Small-mass effects in heavy-to-light form factors}",
    eprint = "1811.06461",
    archivePrefix = "arXiv",
    primaryClass = "hep-ph",
    reportNumber = "PSI-PR-18-13, ZU-TH 40/18",
    doi = "10.1007/JHEP02(2019)118",
    journal = "JHEP",
    volume = "02",
    pages = "118",
    year = "2019"
}

@article{Becher:2007cu,
    author = "Becher, Thomas and Melnikov, Kirill",
    title = "{Two-loop QED corrections to Bhabha scattering}",
    eprint = "0704.3582",
    archivePrefix = "arXiv",
    primaryClass = "hep-ph",
    reportNumber = "FERMILAB-PUB-07-060-T, UH-511-1103-07",
    doi = "10.1088/1126-6708/2007/06/084",
    journal = "JHEP",
    volume = "06",
    pages = "084",
    year = "2007"
}

@article{Penin:2005eh,
    author = "Penin, A. A.",
    title = "{Two-loop photonic corrections to massive Bhabha scattering}",
    eprint = "hep-ph/0508127",
    archivePrefix = "arXiv",
    reportNumber = "TTP05-13",
    doi = "10.1016/j.nuclphysb.2005.11.016",
    journal = "Nucl. Phys. B",
    volume = "734",
    pages = "185--202",
    year = "2006"
}

@article{Banerjee:2021mty,
    author = "Banerjee, Pulak and Engel, Tim and Schalch, Nicolas and Signer, Adrian and Ulrich, Yannick",
    title = "{Bhabha scattering at NNLO with next-to-soft stabilisation}",
    eprint = "2106.07469",
    archivePrefix = "arXiv",
    primaryClass = "hep-ph",
    reportNumber = "PSI-PR-21-11, ZU-TH 25/21, IPPP/20/112",
    doi = "10.1016/j.physletb.2021.136547",
    journal = "Phys. Lett. B",
    volume = "820",
    pages = "136547",
    year = "2021"
}

@article{Engel:2021ccn,
    author = "Engel, Tim and Signer, Adrian and Ulrich, Yannick",
    title = "{Universal structure of radiative QED amplitudes at one loop}",
    eprint = "2112.07570",
    archivePrefix = "arXiv",
    primaryClass = "hep-ph",
    reportNumber = "PSI-PR-21-29, ZU-TH 59/21, IPPP/21/55",
    doi = "10.1007/JHEP04(2022)097",
    journal = "JHEP",
    volume = "04",
    pages = "097",
    year = "2022"
}

@article{Engel:2023ifn,
    author = "Engel, Tim",
    title = "{The LBK theorem to all orders}",
    eprint = "2304.11689",
    archivePrefix = "arXiv",
    primaryClass = "hep-ph",
    reportNumber = "FR-PHENO-2023-04",
    month = "4",
    year = "2023"
}

@article{Engel:2019nfw,
    author = "Engel, T. and Signer, A. and Ulrich, Y.",
    title = "{A subtraction scheme for massive QED}",
    eprint = "1909.10244",
    archivePrefix = "arXiv",
    primaryClass = "hep-ph",
    reportNumber = "PSI-PR-19-19, ZU-TH 43/19",
    doi = "10.1007/JHEP01(2020)085",
    journal = "JHEP",
    volume = "01",
    pages = "085",
    year = "2020"
}

@article{Abreu:2023bdp,
    author = "Abreu, Samuel and De Laurentis, Giuseppe and Ita, Harald and Klinkert, Maximillian and Page, Ben and Sotnikov, Vasily",
    title = "{Two-Loop QCD Corrections for Three-Photon Production at Hadron Colliders}",
    eprint = "2305.17056",
    archivePrefix = "arXiv",
    primaryClass = "hep-ph",
    reportNumber = "CERN-TH-2023-090, PSI-PR-23-16, ZU-TH 23/23",
    month = "5",
    year = "2023"
}

@article{Barnreuther:2013qvf,
    author = {B\"arnreuther, P. and Czakon, M. and Fiedler, P.},
    title = "{Virtual amplitudes and threshold behaviour of hadronic top-quark pair-production cross sections}",
    eprint = "1312.6279",
    archivePrefix = "arXiv",
    primaryClass = "hep-ph",
    reportNumber = "TTK-13-28",
    doi = "10.1007/JHEP02(2014)078",
    journal = "JHEP",
    volume = "02",
    pages = "078",
    year = "2014"
}

@article{Gehrmann:2002zr,
    author = "Gehrmann, T. and Remiddi, E.",
    title = "{Analytic continuation of massless two loop four point functions}",
    eprint = "hep-ph/0207020",
    archivePrefix = "arXiv",
    reportNumber = "CERN-TH-2002-145",
    doi = "10.1016/S0550-3213(02)00569-2",
    journal = "Nucl. Phys. B",
    volume = "640",
    pages = "379--411",
    year = "2002"
}


% ================= DEs =================

@article{Henn:2013pwa,
    author = "Henn, Johannes M.",
    title = "{Multiloop integrals in dimensional regularization made simple}",
    eprint = "1304.1806",
    archivePrefix = "arXiv",
    primaryClass = "hep-th",
    doi = "10.1103/PhysRevLett.110.251601",
    journal = "Phys. Rev. Lett.",
    volume = "110",
    pages = "251601",
    year = "2013"
}

@article{Bern:1993kr,
    author = "Bern, Zvi and Dixon, Lance J. and Kosower, David A.",
    title = "{Dimensionally regulated pentagon integrals}",
    eprint = "hep-ph/9306240",
    archivePrefix = "arXiv",
    reportNumber = "SLAC-PUB-5947, SACLAY-SPH-T-92-048, UCLA-92-043",
    doi = "10.1016/0550-3213(94)90398-0",
    journal = "Nucl. Phys. B",
    volume = "412",
    pages = "751--816",
    year = "1994"
}

@article{Gehrmann:1999as,
    author = "Gehrmann, T. and Remiddi, E.",
    title = "{Differential equations for two loop four point functions}",
    eprint = "hep-ph/9912329",
    archivePrefix = "arXiv",
    reportNumber = "TTP-99-49",
    doi = "10.1016/S0550-3213(00)00223-6",
    journal = "Nucl. Phys. B",
    volume = "580",
    pages = "485--518",
    year = "2000"
}

@article{KOTIKOV1991123,
title = {Differential equation method. The calculation of N-point Feynman diagrams},
journal = {Physics Letters B},
volume = {267},
number = {1},
pages = {123-127},
year = {1991},
issn = {0370-2693},
doi = {https://doi.org/10.1016/0370-2693(91)90536-Y},
url = {https://www.sciencedirect.com/science/article/pii/037026939190536Y},
author = {A.V. Kotikov},
abstract = {We expand the earlier invented method of massive Feynman integral calculation, namely, the differential equation method, to N-point diagrams. We obtain a simple algorithm which allows us to reduce the N-point diagram to the (N - 1) point diagrams.}
}

@article{KOTIKOV1991158,
title = {Differential equations method. New technique for massive Feynman diagram calculation},
journal = {Physics Letters B},
volume = {254},
number = {1},
pages = {158-164},
year = {1991},
issn = {0370-2693},
doi = {https://doi.org/10.1016/0370-2693(91)90413-K},
url = {https://www.sciencedirect.com/science/article/pii/037026939190413K},
author = {A.V. Kotikov},
abstract = {I present a new method of massive Feynman diagram calculation which provides a fairly simple procedure for obtaining the result without D-space integrals for dimensional regularization. Different complicated diagrams are calculated as an illustration of the method.}
}

@article{Barucchi:1973zm,
    author = "Barucchi, G. and Ponzano, G.",
    title = "{Differential equations for one-loop generalized feynman integrals}",
    doi = "10.1063/1.1666327",
    journal = "J. Math. Phys.",
    volume = "14",
    pages = "396--401",
    year = "1973"
}

@misc{ulrich_yannick_2022_6046769,
  author       = {Ulrich, Yannick and
                  Banerjee, Pulak and
                  Coutinho, Antonio and
                  Engel, Tim and
                  Gurgone, Andrea and
                  Hagelstein, Franziska and
                  Kollatzsch, Sophie and
                  Naterop, Luca and
                  Rocco, Marco and
                  Schalch, Nicolas and
                  Sharkovska, Vladyslava and
                  Signer, Adrian},
  title        = {The McMule Manual},
  month        = feb,
  year         = 2022,
  publisher    = {Zenodo},
  doi          = {10.5281/zenodo.6046769},
  url          = {https://doi.org/10.5281/zenodo.6046769}
}

@article{Mangano:1990by,
    author = "Mangano, Michelangelo L. and Parke, Stephen J.",
    title = "{Multiparton amplitudes in gauge theories}",
    eprint = "hep-th/0509223",
    archivePrefix = "arXiv",
    reportNumber = "FERMILAB-PUB-90-113-T",
    doi = "10.1016/0370-1573(91)90091-Y",
    journal = "Phys. Rept.",
    volume = "200",
    pages = "301--367",
    year = "1991"
}

@inproceedings{Dixon:1996wi,
    author = "Dixon, Lance J.",
    title = "{Calculating scattering amplitudes efficiently}",
    booktitle = "{Theoretical Advanced Study Institute in Elementary Particle Physics (TASI 95): QCD and Beyond}",
    eprint = "hep-ph/9601359",
    archivePrefix = "arXiv",
    reportNumber = "SLAC-PUB-7106",
    pages = "539--584",
    month = "1",
    year = "1996"
}

@article{Badger:2023eqz,
    author = "Badger, Simon and Henn, Johannes and Plefka, Jan and Zoia, Simone",
    title = "{Scattering Amplitudes in Quantum Field Theory}",
    eprint = "2306.05976",
    archivePrefix = "arXiv",
    primaryClass = "hep-th",
    month = "6",
    year = "2023"
}

@article{Catani:1998bh,
    author = "Catani, Stefano",
    title = "{The Singular behavior of QCD amplitudes at two loop order}",
    eprint = "hep-ph/9802439",
    archivePrefix = "arXiv",
    reportNumber = "CERN-TH-98-42, LPTHE-ORSAY-97-57",
    doi = "10.1016/S0370-2693(98)00332-3",
    journal = "Phys. Lett. B",
    volume = "427",
    pages = "161--171",
    year = "1998"
}

@article{Gardi:2009qi,
    author = "Gardi, Einan and Magnea, Lorenzo",
    title = "{Factorization constraints for soft anomalous dimensions in QCD scattering amplitudes}",
    eprint = "0901.1091",
    archivePrefix = "arXiv",
    primaryClass = "hep-ph",
    reportNumber = "EDINBURGH-2008-35, DFTT-29-2008",
    doi = "10.1088/1126-6708/2009/03/079",
    journal = "JHEP",
    volume = "03",
    pages = "079",
    year = "2009"
}

@article{Gardi:2009zv,
    author = "Gardi, Einan and Magnea, Lorenzo",
    editor = "Greco, Mario",
    title = "{Infrared singularities in QCD amplitudes}",
    eprint = "0908.3273",
    archivePrefix = "arXiv",
    primaryClass = "hep-ph",
    reportNumber = "EDINBURGH-2009-09",
    doi = "10.1393/ncc/i2010-10528-x",
    journal = "Nuovo Cim. C",
    volume = "32N5-6",
    pages = "137--157",
    year = "2009"
}

@article{Becher:2009cu,
    author = "Becher, Thomas and Neubert, Matthias",
    title = "{Infrared singularities of scattering amplitudes in perturbative QCD}",
    eprint = "0901.0722",
    archivePrefix = "arXiv",
    primaryClass = "hep-ph",
    reportNumber = "FERMILAB-PUB-09-002-T, MZ-TH-09-01",
    doi = "10.1103/PhysRevLett.102.162001",
    journal = "Phys. Rev. Lett.",
    volume = "102",
    pages = "162001",
    year = "2009",
    note = "[Erratum: Phys.Rev.Lett. 111, 199905 (2013)]"
}

@software{zenodo,
  author       = {Badger, Simon and
                  Kryś, Jakub and
                  Moodie, Ryan and
                  Zoia, Simone},
  title        = {{Ancillary files for ``Lepton-pair scattering with 
                   an off-shell and an on-shell photon at two loops
                   in massless QED''}},
  month        = jul,
  year         = 2023,
  publisher    = {Zenodo},
  doi          = {\href{https://doi.org/10.5281/zenodo.8120540}{10.5281/zenodo.8120540}},
}

@article{Gehrmann:2011ab,
    author = "Gehrmann, Thomas and Tancredi, Lorenzo",
    title = "{Two-loop QCD helicity amplitudes for $q\bar q \to W^\pm \gamma$ and $q\bar q \to Z^0 \gamma$}",
    eprint = "1112.1531",
    archivePrefix = "arXiv",
    primaryClass = "hep-ph",
    reportNumber = "ZU-TH-26-11, ZU-TH 26/11",
    doi = "10.1007/JHEP02(2012)004",
    journal = "JHEP",
    volume = "02",
    pages = "004",
    year = "2012"
}

@article{Fael:2023zqr,
    author = {Fael, Matteo and Lange, Fabian and Sch\"onwald, Kay and Steinhauser, Matthias},
    title = "{Massive three-loop form factors: Anomaly contribution}",
    eprint = "2302.00693",
    archivePrefix = "arXiv",
    primaryClass = "hep-ph",
    reportNumber = "CERN-TH-2023-012, P3H-23-006, TTP23-002, ZU-TH 05/23",
    doi = "10.1103/PhysRevD.107.094017",
    journal = "Phys. Rev. D",
    volume = "107",
    number = "9",
    pages = "094017",
    year = "2023"
}

@article{Fael:2022miw,
    author = {Fael, Matteo and Lange, Fabian and Sch\"onwald, Kay and Steinhauser, Matthias},
    title = "{Singlet and nonsinglet three-loop massive form factors}",
    eprint = "2207.00027",
    archivePrefix = "arXiv",
    primaryClass = "hep-ph",
    reportNumber = "TTP22-042, P3H-22-066",
    doi = "10.1103/PhysRevD.106.034029",
    journal = "Phys. Rev. D",
    volume = "106",
    number = "3",
    pages = "034029",
    year = "2022"
}

@article{Fael:2022rgm,
    author = {Fael, Matteo and Lange, Fabian and Sch\"onwald, Kay and Steinhauser, Matthias},
    title = "{Massive Vector Form Factors to Three Loops}",
    eprint = "2202.05276",
    archivePrefix = "arXiv",
    primaryClass = "hep-ph",
    reportNumber = "TTP22-009, P3H-22-016",
    doi = "10.1103/PhysRevLett.128.172003",
    journal = "Phys. Rev. Lett.",
    volume = "128",
    number = "17",
    pages = "172003",
    year = "2022"
}

@article{Alacevich:2018vez,
     author = "Alacevich, Massimo and Carloni Calame, Carlo M. and Chiesa,
               Mauro and Montagna, Guido and Nicrosini, Oreste and Piccinini, Fulvio",
     title = "{Muon-electron scattering at NLO}",
     eprint = "1811.06743",
     archivePrefix = "arXiv",
     primaryClass = "hep-ph",
     doi = "10.1007/JHEP02(2019)155",
     journal = "JHEP",
     volume = "02",
     pages = "155",
     year = "2019",
     note = "[Erratum: JHEP 02, 201 (2022)]"
}

@article{Budassi:2021twh,
     author = "Budassi, Ettore and Carloni Calame, Carlo M. and Chiesa,
     Mauro and Del Pio, Clara Lavinia and Hasan, Syed Mehedi and Montagna,
     Guido and Nicrosini, Oreste and Piccinini, Fulvio",
     title = "{NNLO virtual and real leptonic corrections to muon-electron
     scattering}",
     eprint = "2109.14606",
     archivePrefix = "arXiv",
     primaryClass = "hep-ph",
     doi = "10.1007/JHEP11(2021)098",
     journal = "JHEP",
     volume = "11",
     pages = "098",
     year = "2021"
}

@article{Fael:2019nsf,
     author = "Fael, Matteo and Passera, Massimo",
     title = "{Muon-Electron Scattering at Next-To-Next-To-Leading Order:
     The Hadronic Corrections}",
     eprint = "1901.03106",
     archivePrefix = "arXiv",
     primaryClass = "hep-ph",
     reportNumber = "SI-HEP-2018-38, QEFT-2018-25",
     doi = "10.1103/PhysRevLett.122.192001",
     journal = "Phys. Rev. Lett.",
     volume = "122",
     number = "19",
     pages = "192001",
     year = "2019"
}

@article{Fael:2018dmz,
     author = "Fael, Matteo",
     title = "{Hadronic corrections to $\mu$-$e$ scattering at NNLO with
              space-like data}",
     eprint = "1808.08233",
     archivePrefix = "arXiv",
     primaryClass = "hep-ph",
     reportNumber = "SI-HEP-2018-28, QEFT-2018-17",
     doi = "10.1007/JHEP02(2019)027",
     journal = "JHEP",
     volume = "02",
     pages = "027",
     year = "2019"
}

@article{CarloniCalame:2020yoz,
    author = "Carloni Calame, C. M. and Chiesa, M. and Hasan, Syed Mehedi
    and Montagna, G. and Nicrosini, O. and Piccinini, F.",
    title = "{Towards muon-electron scattering at NNLO}",
    eprint = "2007.01586",
    archivePrefix = "arXiv",
    primaryClass = "hep-ph",
    reportNumber = "LAPTH-029/20",
    doi = "10.1007/JHEP11(2020)028",
    journal = "JHEP",
    volume = "11",
    pages = "028",
    year = "2020"
}
