@article{Alwall:2014hca,
    author = "Alwall, J. and Frederix, R. and Frixione, S. and Hirschi, V. and Maltoni, F. and Mattelaer, O. and Shao, H. -S. and Stelzer, T. and Torrielli, P. and Zaro, M.",
    title = "{The automated computation of tree-level and next-to-leading order differential cross sections, and their matching to parton shower simulations}",
    eprint = "1405.0301",
    archivePrefix = "arXiv",
    primaryClass = "hep-ph",
    reportNumber = "CERN-PH-TH-2014-064, CP3-14-18, LPN14-066, MCNET-14-09, ZU-TH-14-14",
    doi = "10.1007/JHEP07(2014)079",
    journal = "JHEP",
    volume = "07",
    pages = "079",
    year = "2014"
}

@article{Chen:1977oja,
    author = "Chen, Kuo-Tsai",
    title = "{Iterated path integrals}",
    doi = "10.1090/S0002-9904-1977-14320-6",
    journal = "Bull. Am. Math. Soc.",
    volume = "83",
    pages = "831--879",
    year = "1977"
}

@inproceedings{Brown:2013qva,
    author = "Brown, Francis",
    title = "{Iterated integrals in quantum field theory}",
    booktitle = "{6th Summer School on Geometric and Topological Methods for Quantum Field Theory}",
    doi = "10.1017/CBO9781139208642.006",
    year = "2013"
}


@article{Chicherin:2020umh,
    author = "Chicherin, Dimitry and Henn, Johannes M. and Papathanasiou, Georgios",
    title = "{Cluster algebras for Feynman integrals}",
    eprint = "2012.12285",
    archivePrefix = "arXiv",
    primaryClass = "hep-th",
    reportNumber = "DESY-20-204, MPP-2020-216",
    doi = "10.1103/PhysRevLett.126.091603",
    journal = "Phys. Rev. Lett.",
    volume = "126",
    number = "9",
    pages = "091603",
    year = "2021"
}

%%% Generalised power series expansion

@article{Moriello:2019yhu,
    author = "Moriello, Francesco",
    title = "{Generalised power series expansions for the elliptic planar families of Higgs + jet production at two loops}",
    eprint = "1907.13234",
    archivePrefix = "arXiv",
    primaryClass = "hep-ph",
    doi = "10.1007/JHEP01(2020)150",
    journal = "JHEP",
    volume = "01",
    pages = "150",
    year = "2020"
}

@article{Frellesvig:2019byn,
    author = "Frellesvig, Hjalte and Hidding, Martijn and Maestri, Leila and Moriello, Francesco and Salvatori, Giulio",
    title = "{The complete set of two-loop master integrals for Higgs + jet production in QCD}",
    eprint = "1911.06308",
    archivePrefix = "arXiv",
    primaryClass = "hep-ph",
    reportNumber = "MPP-2019-228",
    doi = "10.1007/JHEP06(2020)093",
    journal = "JHEP",
    volume = "06",
    pages = "093",
    year = "2020"
}

@article{Becchetti:2020wof,
    author = "Becchetti, Matteo and Bonciani, Roberto and Del Duca, Vittorio and Hirschi, Valentin and Moriello, Francesco and Schweitzer, Armin",
    title = "{Next-to-leading order corrections to light-quark mixed QCD-EW contributions to Higgs boson production}",
    eprint = "2010.09451",
    archivePrefix = "arXiv",
    primaryClass = "hep-ph",
    doi = "10.1103/PhysRevD.103.054037",
    journal = "Phys. Rev. D",
    volume = "103",
    number = "5",
    pages = "054037",
    year = "2021"
}

%%% Partial fractioning

@article{Leinartas:1978,
    author = {{E. K.}, Leinartas},
    title = "{Factorization of rational functions of several variables into partial fractions}",
    year = 1978,
    journal = {Izvestiya Vysshikh Uchebnykh Zavedenii. Matematika},
    volume = 47
}

@article{Raichev:2012,
    author = {{Raichev}, Alexander},
    title = "{Leinartas's partial fraction decomposition}",
    journal = {arXiv e-prints},
    keywords = {Mathematics - Commutative Algebra, Mathematics - Combinatorics, 13P99, 68W30},
    year = 2012,
    month = jun,
    eid = {arXiv:1206.4740},
    pages = {arXiv:1206.4740},
    archivePrefix = {arXiv},
    eprint = {1206.4740},
    primaryClass = {math.AC},
    adsurl = {https://ui.adsabs.harvard.edu/abs/2012arXiv1206.4740R},
    adsnote = {Provided by the SAO/NASA Astrophysics Data System}
}

@article{Heller:2021qkz,
    author = "Heller, Matthias and von Manteuffel, Andreas",
    title = "{MultivariateApart: Generalized Partial Fractions}",
    eprint = "2101.08283",
    archivePrefix = "arXiv",
    primaryClass = "cs.SC",
    reportNumber = "MITP/21-002, MSUHEP-20-016",
    month = "1",
    year = "2021"
}

@article{Boehm:2020ijp,
    author = "Boehm, Janko and Wittmann, Marcel and Wu, Zihao and Xu, Yingxuan and Zhang, Yang",
    title = "{IBP reduction coefficients made simple}",
    eprint = "2008.13194",
    archivePrefix = "arXiv",
    primaryClass = "hep-ph",
    reportNumber = "MPP-2020-139, PCFT-20-26, USTC-ICTS-20-26",
    doi = "10.1007/JHEP12(2020)054",
    journal = "JHEP",
    volume = "12",
    pages = "054",
    year = "2020"
}



%%% Les Houches proceedings

@inproceedings{Badger:2016bpw,
    author = "Andersen, J. R. and others",
    title = "{Les Houches 2015: Physics at TeV Colliders Standard Model Working Group Report}",
    booktitle = "{9th Les Houches Workshop on Physics at TeV Colliders}",
    eprint = "1605.04692",
    archivePrefix = "arXiv",
    primaryClass = "hep-ph",
    reportNumber = "FERMILAB-CONF-16-175-PPD-T",
    month = "5",
    year = "2016"
}

@proceedings{Bendavid:2018nar,
    author = "Andersen, J. R. and others",
    title = "{Les Houches 2017: Physics at TeV Colliders Standard Model Working Group Report}",
    eprint = "1803.07977",
    archivePrefix = "arXiv",
    primaryClass = "hep-ph",
    reportNumber = "FERMILAB-CONF-18-122-CD-T, UWTHPH-2018-5",
    month = "3",
    year = "2018"
}

@inproceedings{Amoroso:2020lgh,
    author = "Amoroso, S. and others",
    title = "{Les Houches 2019: Physics at TeV Colliders: Standard Model Working Group Report}",
    booktitle = "{11th Les Houches Workshop on Physics at TeV Colliders}: {PhysTeV Les Houches}",
    eprint = "2003.01700",
    archivePrefix = "arXiv",
    primaryClass = "hep-ph",
    month = "3",
    year = "2020"
}

@article{Huss:2022ful,
    author = "Huss, Alexander and Huston, Joey and Jones, Stephen and Pellen, Mathieu",
    title = "{Les Houches 2021\textemdash{}physics at TeV colliders: report on the standard model precision wishlist}",
    eprint = "2207.02122",
    archivePrefix = "arXiv",
    primaryClass = "hep-ph",
    doi = "10.1088/1361-6471/acbaec",
    journal = "J. Phys. G",
    volume = "50",
    number = "4",
    pages = "043001",
    year = "2023"
}



% BCFW

@article{Britto:2004ap,
    author = "Britto, Ruth and Cachazo, Freddy and Feng, Bo",
    title = "{New recursion relations for tree amplitudes of gluons}",
    eprint = "hep-th/0412308",
    archivePrefix = "arXiv",
    doi = "10.1016/j.nuclphysb.2005.02.030",
    journal = "Nucl. Phys. B",
    volume = "715",
    pages = "499--522",
    year = "2005"
}

@article{Britto:2005fq,
    author = "Britto, Ruth and Cachazo, Freddy and Feng, Bo and Witten, Edward",
    title = "{Direct proof of tree-level recursion relation in Yang-Mills theory}",
    eprint = "hep-th/0501052",
    archivePrefix = "arXiv",
    doi = "10.1103/PhysRevLett.94.181602",
    journal = "Phys. Rev. Lett.",
    volume = "94",
    pages = "181602",
    year = "2005"
}


% 2l 5pt amplitudes numerical
@article{Badger:2017jhb,
    author = "Badger, Simon and Br\o{}nnum-Hansen, Christian and Hartanto, Heribertus Bayu and Peraro, Tiziano",
    title = "{First look at two-loop five-gluon scattering in QCD}",
    eprint = "1712.02229",
    archivePrefix = "arXiv",
    primaryClass = "hep-ph",
    reportNumber = "IPPP-17-95, EDINBURGH-2017-27, MITP-17-094",
    doi = "10.1103/PhysRevLett.120.092001",
    journal = "Phys. Rev. Lett.",
    volume = "120",
    number = "9",
    pages = "092001",
    year = "2018"
}

@article{Abreu:2017hqn,
    author = "Abreu, Samuel and Febres Cordero, Fernando and Ita, Harald and Page, Ben and Zeng, Mao",
    title = "{Planar Two-Loop Five-Gluon Amplitudes from Numerical Unitarity}",
    eprint = "1712.03946",
    archivePrefix = "arXiv",
    primaryClass = "hep-ph",
    reportNumber = "FR-PHENO-2017-025, UCLA-17-TEP-108",
    doi = "10.1103/PhysRevD.97.116014",
    journal = "Phys. Rev. D",
    volume = "97",
    number = "11",
    pages = "116014",
    year = "2018"
}

@article{Badger:2018gip,
    author = "Badger, Simon and Br\o{}nnum-Hansen, Christian and Gehrmann, Thomas and Hartanto, Heribertus Bayu and Henn, Johannes and Lo Presti, Nicola Adriano and Peraro, Tiziano",
    title = "{Applications of integrand reduction to two-loop five-point scattering amplitudes in QCD}",
    eprint = "1807.09709",
    archivePrefix = "arXiv",
    primaryClass = "hep-ph",
    reportNumber = "IPPP/18/58",
    doi = "10.22323/1.303.0006",
    journal = "PoS",
    volume = "LL2018",
    pages = "006",
    year = "2018"
}

@article{Abreu:2018jgq,
    author = "Abreu, S. and Febres Cordero, F. and Ita, H. and Page, B. and Sotnikov, V.",
    title = "{Planar Two-Loop Five-Parton Amplitudes from Numerical Unitarity}",
    eprint = "1809.09067",
    archivePrefix = "arXiv",
    primaryClass = "hep-ph",
    reportNumber = "FR-PHENO-2018-011",
    doi = "10.1007/JHEP11(2018)116",
    journal = "JHEP",
    volume = "11",
    pages = "116",
    year = "2018"
}

@article{Hartanto:2019uvl,
    author = "Hartanto, Heribertus Bayu and Badger, Simon and Br\o{}nnum-Hansen, Christian and Peraro, Tiziano",
    title = "{A numerical evaluation of planar two-loop helicity amplitudes for a W-boson plus four partons}",
    eprint = "1906.11862",
    archivePrefix = "arXiv",
    primaryClass = "hep-ph",
    reportNumber = "IPPP/19/56, ZU-TH 33/19",
    doi = "10.1007/JHEP09(2019)119",
    journal = "JHEP",
    volume = "09",
    pages = "119",
    year = "2019"
}

@article{Badger:2013gxa,
    author = "Badger, Simon and Frellesvig, Hjalte and Zhang, Yang",
    title = "{A Two-Loop Five-Gluon Helicity Amplitude in QCD}",
    eprint = "1310.1051",
    archivePrefix = "arXiv",
    primaryClass = "hep-ph",
    doi = "10.1007/JHEP12(2013)045",
    journal = "JHEP",
    volume = "12",
    pages = "045",
    year = "2013"
}

% 2l 5pt amplitudes analytic
@article{Badger:2022ncb,
    author = "Badger, Simon and Hartanto, Heribertus Bayu and Kry\'s, Jakub and Zoia, Simone",
    title = "{Two-loop leading colour helicity amplitudes for $W^\pm\gamma+j$ production at the LHC}",
    eprint = "2201.04075",
    archivePrefix = "arXiv",
    primaryClass = "hep-ph",
    reportNumber = "CAVENDISH-HEP-22/01",
    month = "1",
    year = "2022"
}

@article{Badger:2021ega,
    author = "Badger, Simon and Hartanto, Heribertus Bayu and Kry\'s, Jakub and Zoia, Simone",
    title = "{Two-loop leading-colour QCD helicity amplitudes for Higgs boson production in association with a bottom-quark pair at the LHC}",
    eprint = "2107.14733",
    archivePrefix = "arXiv",
    primaryClass = "hep-ph",
    reportNumber = "CAVENDISH-HEP-21/11",
    doi = "10.1007/JHEP11(2021)012",
    journal = "JHEP",
    volume = "11",
    pages = "012",
    year = "2021"
}

@article{Caron-Huot:2020vlo,
    author = "Caron-Huot, Simon and Chicherin, Dmitry and Henn, Johannes and Zhang, Yang and Zoia, Simone",
    title = "{Multi-Regge Limit of the Two-Loop Five-Point Amplitudes in $\mathcal{N} = 4$ Super Yang-Mills and $\mathcal{N} = 8$ Supergravity}",
    eprint = "2003.03120",
    archivePrefix = "arXiv",
    primaryClass = "hep-th",
    doi = "10.1007/JHEP10(2020)188",
    journal = "JHEP",
    volume = "10",
    pages = "188",
    year = "2020"
}


@article{Gehrmann:2015bfy,
    author = "Gehrmann, T. and Henn, J.M. and Lo Presti, N.A.",
    title = "{Analytic form of the two-loop planar five-gluon all-plus-helicity amplitude in QCD}",
    eprint = "1511.05409",
    archivePrefix = "arXiv",
    primaryClass = "hep-ph",
    reportNumber = "MITP-15-101, ZU-TH-36-15",
    doi = "10.1103/PhysRevLett.116.062001",
    journal = "Phys. Rev. Lett.",
    volume = "116",
    number = "6",
    pages = "062001",
    year = "2016",
    note = "[Erratum: Phys.Rev.Lett. 116, 189903 (2016)]"
}

@article{Badger:2018enw,
    author = "Badger, Simon and Br\o{}nnum-Hansen, Christian and Hartanto, Heribertus Bayu and Peraro, Tiziano",
    title = "{Analytic helicity amplitudes for two-loop five-gluon scattering: the single-minus case}",
    eprint = "1811.11699",
    archivePrefix = "arXiv",
    primaryClass = "hep-ph",
    reportNumber = "ZU-TH 44/1, IPPP/18/10",
    doi = "10.1007/JHEP01(2019)186",
    journal = "JHEP",
    volume = "01",
    pages = "186",
    year = "2019"
}

@article{Abreu:2018zmy,
    author = "Abreu, S. and Dormans, J. and Febres Cordero, F. and Ita, H. and Page, B.",
    title = "{Analytic Form of Planar Two-Loop Five-Gluon Scattering Amplitudes in QCD}",
    eprint = "1812.04586",
    archivePrefix = "arXiv",
    primaryClass = "hep-ph",
    doi = "10.1103/PhysRevLett.122.082002",
    journal = "Phys. Rev. Lett.",
    volume = "122",
    number = "8",
    pages = "082002",
    year = "2019"
}

@article{Abreu:2019odu,
    author = "Abreu, S. and Dormans, J. and Febres Cordero, F. and Ita, H. and Page, B. and Sotnikov, V.",
    title = "{Analytic Form of the Planar Two-Loop Five-Parton Scattering Amplitudes in QCD}",
    eprint = "1904.00945",
    archivePrefix = "arXiv",
    primaryClass = "hep-ph",
    reportNumber = "CP3-19-13, FR-PHENO-2019-002, IPhT-19-024",
    doi = "10.1007/JHEP05(2019)084",
    journal = "JHEP",
    volume = "05",
    pages = "084",
    year = "2019"
}

@article{Abreu:2020cwb,
    author = "Abreu, S. and Page, B. and Pascual, E. and Sotnikov, V.",
    title = "{Leading-Color Two-Loop QCD Corrections for Three-Photon Production at Hadron Colliders}",
    eprint = "2010.15834",
    archivePrefix = "arXiv",
    primaryClass = "hep-ph",
    reportNumber = "CERN-TH-2020-176, FR-PHENO-2020-016, MPP-2020-190",
    month = "10",
    year = "2020"
}

@article{Chawdhry:2020for,
    author = "Chawdhry, Herschel A. and Czakon, Michal and Mitov, Alexander and Poncelet, Rene",
    title = "{Two-loop leading-color helicity amplitudes for three-photon production at the LHC}",
    eprint = "2012.13553",
    archivePrefix = "arXiv",
    primaryClass = "hep-ph",
    reportNumber = "Cavendish-HEP-20/15, OUTP-20-16P, P3H-20-084, TTK-20-50",
    month = "12",
    year = "2020"
}


@article{Agarwal:2021grm,
    author = "Agarwal, Bakul and Buccioni, Federico and von Manteuffel, Andreas and Tancredi, Lorenzo",
    title = "{Two-loop leading colour QCD corrections to $q \bar{q} \to \gamma \gamma g$ and $q g \to \gamma \gamma q$}",
    eprint = "2102.01820",
    archivePrefix = "arXiv",
    primaryClass = "hep-ph",
    reportNumber = "MSUHEP-21-005, OUTP-21-04P",
    doi = "10.1007/JHEP04(2021)201",
    journal = "JHEP",
    volume = "04",
    pages = "201",
    year = "2021"
}


@article{Abreu:2021fuk,
    author = "Abreu, S. and Febres Cordero, F. and Ita, H. and Page, B. and Sotnikov, V.",
    title = "{Leading-Color Two-Loop QCD Corrections for Three-Jet Production at Hadron Colliders}",
    eprint = "2102.13609",
    archivePrefix = "arXiv",
    primaryClass = "hep-ph",
    reportNumber = "CERN-TH-2021-023, FR-PHENO-2021-06, MPP-2021-20",
    month = "2",
    year = "2021"
}
@article{Chawdhry:2021mkw,
    author = "Chawdhry, Herschel A. and Czakon, Michal and Mitov, Alexander and Poncelet, Rene",
    title = "{Two-loop leading-colour QCD helicity amplitudes for two-photon plus jet production at the LHC}",
    eprint = "2103.04319",
    archivePrefix = "arXiv",
    primaryClass = "hep-ph",
    reportNumber = "OUTP-21-06P, Cavendish-HEP-21/05, P3H-21-014, TTK-21-09",
    month = "3",
    year = "2021"
}


@article{Agarwal:2021vdh,
    author = "Agarwal, Bakul and Buccioni, Federico and von Manteuffel, Andreas and Tancredi, Lorenzo",
    title = "{Two-loop helicity amplitudes for diphoton plus jet production in full color}",
    eprint = "2105.04585",
    archivePrefix = "arXiv",
    primaryClass = "hep-ph",
    reportNumber = "MSUHEP-21-010, OUTP-21-12P",
    month = "5",
    year = "2021"
}

@article{Badger:2021imn,
    author = "Badger, Simon and Br\o{}nnum-Hansen, Christian and Chicherin, Dmitry and Gehrmann, Thomas and Hartanto, Heribertus Bayu and Henn, Johannes and Marcoli, Matteo and Moodie, Ryan and Peraro, Tiziano and Zoia, Simone",
    title = "{Virtual QCD corrections to gluon-initiated diphoton plus jet production at hadron colliders}",
    eprint = "2106.08664",
    archivePrefix = "arXiv",
    primaryClass = "hep-ph",
    month = "6",
    year = "2021"
}

%massless 2l 5pt non-planar
@article{Abreu:2018aqd,
    author = "Abreu, Samuel and Dixon, Lance J. and Herrmann, Enrico and Page, Ben and Zeng, Mao",
    title = "{The two-loop five-point amplitude in $\mathcal{N} =4$ super-Yang-Mills theory}",
    eprint = "1812.08941",
    archivePrefix = "arXiv",
    primaryClass = "hep-th",
    reportNumber = "CP3-18-31, IPhT-18/170, SLAC-PUB-17369",
    doi = "10.1103/PhysRevLett.122.121603",
    journal = "Phys. Rev. Lett.",
    volume = "122",
    number = "12",
    pages = "121603",
    year = "2019"
}

@article{Chicherin:2018yne,
    author = "Chicherin, D. and Gehrmann, T. and Henn, J.M. and Wasser, P. and Zhang, Y. and Zoia, S.",
    title = "{Analytic result for a two-loop five-particle amplitude}",
    eprint = "1812.11057",
    archivePrefix = "arXiv",
    primaryClass = "hep-th",
    reportNumber = "MPP-2018-305",
    doi = "10.1103/PhysRevLett.122.121602",
    journal = "Phys. Rev. Lett.",
    volume = "122",
    number = "12",
    pages = "121602",
    year = "2019"
}

@article{Chicherin:2019xeg,
    author = "Chicherin, Dmitry and Gehrmann, Thomas and Henn, Johannes M. and Wasser, Pascal and Zhang, Yang and Zoia, Simone",
    title = "{The two-loop five-particle amplitude in $ \mathcal{N} $ = 8 supergravity}",
    eprint = "1901.05932",
    archivePrefix = "arXiv",
    primaryClass = "hep-th",
    reportNumber = "MPP-2019-5, ZU-TH 04/19, MITP/19-005",
    doi = "10.1007/JHEP03(2019)115",
    journal = "JHEP",
    volume = "03",
    pages = "115",
    year = "2019"
}

@article{Abreu:2019rpt,
    author = "Abreu, Samuel and Dixon, Lance J. and Herrmann, Enrico and Page, Ben and Zeng, Mao",
    title = "{The two-loop five-point amplitude in $ \mathcal{N} $ = 8 supergravity}",
    eprint = "1901.08563",
    archivePrefix = "arXiv",
    primaryClass = "hep-th",
    reportNumber = "CP3-19-06, IPhT-19/003, SLAC-PUB-17377, HU-EP-19/01",
    doi = "10.1007/JHEP03(2019)123",
    journal = "JHEP",
    volume = "03",
    pages = "123",
    year = "2019"
}

@article{Badger:2019djh,
    author = "Badger, S. and Chicherin, D. and Gehrmann, T. and Heinrich, G. and Henn, J.M. and Peraro, T. and Wasser, P. and Zhang, Y. and Zoia, S.",
    title = "{Analytic form of the full two-loop five-gluon all-plus helicity amplitude}",
    eprint = "1905.03733",
    archivePrefix = "arXiv",
    primaryClass = "hep-ph",
    reportNumber = "IPPP/19/37, MITP/19-031, MPP-2019-88, USTC-ICTS-19-12, ZU-TH 23/19",
    doi = "10.1103/PhysRevLett.123.071601",
    journal = "Phys. Rev. Lett.",
    volume = "123",
    number = "7",
    pages = "071601",
    year = "2019"
}



%massless 2l 5pt integrals
@article{Chicherin:2017dob,
    author = "Chicherin, Dmitry and Henn, Johannes and Mitev, Vladimir",
    title = "{Bootstrapping pentagon functions}",
    eprint = "1712.09610",
    archivePrefix = "arXiv",
    primaryClass = "hep-th",
    doi = "10.1007/JHEP05(2018)164",
    journal = "JHEP",
    volume = "05",
    pages = "164",
    year = "2018"
}

@article{Chicherin:2018ubl,
    author = "Chicherin, Dmitry and Henn, Johannes M. and Sokatchev, Emery",
    title = "{Scattering Amplitudes from Superconformal Ward Identities}",
    eprint = "1804.03571",
    archivePrefix = "arXiv",
    primaryClass = "hep-th",
    reportNumber = "CERN-TH-2018-069, LAPTH-012/18, MPP-2018-42, MITP/18-24, LAPTH-012-18, MITP-18-24",
    doi = "10.1103/PhysRevLett.121.021602",
    journal = "Phys. Rev. Lett.",
    volume = "121",
    number = "2",
    pages = "021602",
    year = "2018"
}

@article{Chicherin:2018wes,
    author = "Chicherin, D. and Henn, J. M. and Sokatchev, E.",
    title = "{Implications of nonplanar dual conformal symmetry}",
    eprint = "1807.06321",
    archivePrefix = "arXiv",
    primaryClass = "hep-th",
    reportNumber = "CERN-TH-2018-168",
    doi = "10.1007/JHEP09(2018)012",
    journal = "JHEP",
    volume = "09",
    pages = "012",
    year = "2018"
}

@article{Gehrmann:2018yef,
    author = "Gehrmann, T. and Henn, J.M. and Lo Presti, N.A.",
    title = "{Pentagon functions for massless planar scattering amplitudes}",
    eprint = "1807.09812",
    archivePrefix = "arXiv",
    primaryClass = "hep-ph",
    reportNumber = "ZU-TH-25-18, ZU-TH 25/18, MPP-2018-180, MITP-18-067, IPPP-18-59, MITP/18-067, IPPP/18/59",
    doi = "10.1007/JHEP10(2018)103",
    journal = "JHEP",
    volume = "10",
    pages = "103",
    year = "2018"
}

@article{Abreu:2018rcw,
    author = "Abreu, Samuel and Page, Ben and Zeng, Mao",
    title = "{Differential equations from unitarity cuts: nonplanar hexa-box integrals}",
    eprint = "1807.11522",
    archivePrefix = "arXiv",
    primaryClass = "hep-th",
    reportNumber = "FR-PHENO-2018-009, UCLA/18/TEP/105",
    doi = "10.1007/JHEP01(2019)006",
    journal = "JHEP",
    volume = "01",
    pages = "006",
    year = "2019"
}

@article{Chicherin:2018mue,
    author = "Chicherin, D. and Gehrmann, T. and Henn, J.M. and Lo Presti, N.A. and Mitev, V. and Wasser, P.",
    title = "{Analytic result for the nonplanar hexa-box integrals}",
    eprint = "1809.06240",
    archivePrefix = "arXiv",
    primaryClass = "hep-ph",
    reportNumber = "ZU-TH-35-18, MITP-18-084, IPPP-18-75, ZU-TH 35/18, MPP-2018-220, MITP/18-084, IPPP/18/75",
    doi = "10.1007/JHEP03(2019)042",
    journal = "JHEP",
    volume = "03",
    pages = "042",
    year = "2019"
}

@article{Chicherin:2018old,
    author = "Chicherin, D. and Gehrmann, T. and Henn, J.M. and Wasser, P. and Zhang, Y. and Zoia, S.",
    title = "{All Master Integrals for Three-Jet Production at Next-to-Next-to-Leading Order}",
    eprint = "1812.11160",
    archivePrefix = "arXiv",
    primaryClass = "hep-ph",
    doi = "10.1103/PhysRevLett.123.041603",
    journal = "Phys. Rev. Lett.",
    volume = "123",
    number = "4",
    pages = "041603",
    year = "2019"
}

@article{Chicherin:2020oor,
    author = "Chicherin, Dmitry and Sotnikov, Vasily",
    title = "{Pentagon Functions for Scattering of Five Massless Particles}",
    eprint = "2009.07803",
    archivePrefix = "arXiv",
    primaryClass = "hep-ph",
    reportNumber = "MPP-2020-171",
    doi = "10.1007/JHEP12(2020)167",
    journal = "JHEP",
    volume = "12",
    pages = "167",
    year = "2020"
}


% GPLs
@article{Dixon:2016nkn,
    author = "Dixon, Lance J. and Drummond, James and Harrington, Thomas and McLeod, Andrew J. and Papathanasiou, Georgios and Spradlin, Marcus",
    title = "{Heptagons from the Steinmann Cluster Bootstrap}",
    eprint = "1612.08976",
    archivePrefix = "arXiv",
    primaryClass = "hep-th",
    reportNumber = "DESY-16-242, Brown-HET-1705, SLAC-PUB-16894",
    doi = "10.1007/JHEP02(2017)137",
    journal = "JHEP",
    volume = "02",
    pages = "137",
    year = "2017"
}

@article{Caron-Huot:2016owq,
    author = "Caron-Huot, Simon and Dixon, Lance J. and McLeod, Andrew and von Hippel, Matt",
    title = "{Bootstrapping a Five-Loop Amplitude Using Steinmann Relations}",
    eprint = "1609.00669",
    archivePrefix = "arXiv",
    primaryClass = "hep-th",
    reportNumber = "SLAC-PUB-16811",
    doi = "10.1103/PhysRevLett.117.241601",
    journal = "Phys. Rev. Lett.",
    volume = "117",
    number = "24",
    pages = "241601",
    year = "2016"
}

@PHDTHESIS{20.500.11850/135473,
	copyright = {In Copyright - Non-Commercial Use Permitted},
	year = {1960},
	type = {Doctoral Thesis},
	author = {Steinmann, Othmar},
	size = {42 S.},
	keywords = {OPERATOREN DER VEKTORRECHNUNG (ANALYSIS); QUANTENTHEORIE; OPERATORS OF VECTOR CALCULUS (MATHEMATICAL ANALYSIS); QUANTUM THEORY},
	language = {de},
	address = {Zürich},
	publisher = {ETH Zürich},
	DOI = {10.3929/ethz-a-000107369},
	title = {Ueber den Zusammenhang zwischen den Wightmanfunktionen und den retardierten Kommutatoren},
	Note = {SA aus: Helvetica physica acta, vol.33, fasc.4, pp.257-298. Diss. Naturwiss. ETH Zürich, Nr. 2910, 0000. Ref.: Jost, R. ; Korref.: Specker, E..},
	school = {ETH Zurich}
}

@article{Steinmann:1960,
        title={Wightman-Funktionen und retardierte Kommutatoren. II.},
        authors={Steinmann, O},
        journal={Helvetica Physica Acta},
        year={1960},
        volume={33},
        pages={347-362},
        number={5},
}
        
@article{Panzer:2014caa,
    author = "Panzer, Erik",
    title = "{Algorithms for the symbolic integration of hyperlogarithms with applications to Feynman integrals}",
    eprint = "1403.3385",
    archivePrefix = "arXiv",
    primaryClass = "hep-th",
    doi = "10.1016/j.cpc.2014.10.019",
    journal = "Comput. Phys. Commun.",
    volume = "188",
    pages = "148--166",
    year = "2015"
}

@article{Duhr:2019tlz,
    author = "Duhr, Claude and Dulat, Falko",
    title = "{PolyLogTools \textemdash{} polylogs for the masses}",
    eprint = "1904.07279",
    archivePrefix = "arXiv",
    primaryClass = "hep-th",
    reportNumber = "CP3-19-17, CERN-TH-2019-045, SLAC-PUB-17423",
    doi = "10.1007/JHEP08(2019)135",
    journal = "JHEP",
    volume = "08",
    pages = "135",
    year = "2019"
}

@article{Bauer:2000cp,
    author = "Bauer, Christian W. and Frink, Alexander and Kreckel, Richard",
    title = "{Introduction to the GiNaC framework for symbolic computation within the C++ programming language}",
    eprint = "cs/0004015",
    archivePrefix = "arXiv",
    reportNumber = "MZ-TH-00-17",
    doi = "10.1006/jsco.2001.0494",
    journal = "J. Symb. Comput.",
    volume = "33",
    pages = "1--12",
    year = "2002"
}

@article{Vollinga:2004sn,
    author = "Vollinga, Jens and Weinzierl, Stefan",
    title = "{Numerical evaluation of multiple polylogarithms}",
    eprint = "hep-ph/0410259",
    archivePrefix = "arXiv",
    reportNumber = "MZ-TH-04-17",
    doi = "10.1016/j.cpc.2004.12.009",
    journal = "Comput. Phys. Commun.",
    volume = "167",
    pages = "177",
    year = "2005"
}

@article{DelDuca:2009au,
    author = "Del Duca, Vittorio and Duhr, Claude and Smirnov, Vladimir A.",
    title = "{An Analytic Result for the Two-Loop Hexagon Wilson Loop in N = 4 SYM}",
    eprint = "0911.5332",
    archivePrefix = "arXiv",
    primaryClass = "hep-ph",
    reportNumber = "IPPP-09-92, DCPT-09-184",
    doi = "10.1007/JHEP03(2010)099",
    journal = "JHEP",
    volume = "03",
    pages = "099",
    year = "2010"
}

@article{DelDuca:2010zg,
    author = "Del Duca, Vittorio and Duhr, Claude and Smirnov, Vladimir A.",
    title = "{The Two-Loop Hexagon Wilson Loop in N = 4 SYM}",
    eprint = "1003.1702",
    archivePrefix = "arXiv",
    primaryClass = "hep-th",
    reportNumber = "IPPP-10-21, DCPT-10-42, CERN-PH-TH-2010-059",
    doi = "10.1007/JHEP05(2010)084",
    journal = "JHEP",
    volume = "05",
    pages = "084",
    year = "2010"
}

@article{Duhr:2011zq,
    author = "Duhr, Claude and Gangl, Herbert and Rhodes, John R.",
    title = "{From polygons and symbols to polylogarithmic functions}",
    eprint = "1110.0458",
    archivePrefix = "arXiv",
    primaryClass = "math-ph",
    reportNumber = "IPPP-11-56, DCPT-11-112",
    doi = "10.1007/JHEP10(2012)075",
    journal = "JHEP",
    volume = "10",
    pages = "075",
    year = "2012"
}

@article{Goncharov:2010jf,
    author = "Goncharov, Alexander B. and Spradlin, Marcus and Vergu, C. and Volovich, Anastasia",
    title = "{Classical Polylogarithms for Amplitudes and Wilson Loops}",
    eprint = "1006.5703",
    archivePrefix = "arXiv",
    primaryClass = "hep-th",
    reportNumber = "BROWN-HET-1602",
    doi = "10.1103/PhysRevLett.105.151605",
    journal = "Phys. Rev. Lett.",
    volume = "105",
    pages = "151605",
    year = "2010"
}

@incollection{MR1265551,
    AUTHOR = {Goncharov, A. B.},
     TITLE = {Polylogarithms and motivic {G}alois groups},
 BOOKTITLE = {Motives ({S}eattle, {WA}, 1991)},
    SERIES = {Proc. Sympos. Pure Math.},
    VOLUME = {55},
     PAGES = {43--96},
 PUBLISHER = {Amer. Math. Soc., Providence, RI},
      YEAR = {1994},
   MRCLASS = {19F15 (11G09 11R42 11R70 19E20)},
  MRNUMBER = {1265551},
MRREVIEWER = {Richard M. Hain},
       DOI = {10.1090/pspum/055.2/1265551},
       URL = {https://doi.org/10.1090/pspum/055.2/1265551},
}

@ARTICLE{2011arXiv1105.2076G,
       author = {{Goncharov}, A.~B.},
        title = "{Multiple polylogarithms, cyclotomy and modular complexes}",
      journal = {arXiv e-prints},
     keywords = {Mathematics - Algebraic Geometry},
         year = 2011,
        month = may,
          eid = {arXiv:1105.2076},
        pages = {arXiv:1105.2076},
archivePrefix = {arXiv},
       eprint = {1105.2076},
 primaryClass = {math.AG},
       adsurl = {https://ui.adsabs.harvard.edu/abs/2011arXiv1105.2076G},
      adsnote = {Provided by the SAO/NASA Astrophysics Data System}
}

@article{Remiddi:1999ew,
    author = "Remiddi, E. and Vermaseren, J. A. M.",
    title = "{Harmonic polylogarithms}",
    eprint = "hep-ph/9905237",
    archivePrefix = "arXiv",
    reportNumber = "NIKHEF-99-005, TTP-99-08",
    doi = "10.1142/S0217751X00000367",
    journal = "Int. J. Mod. Phys. A",
    volume = "15",
    pages = "725--754",
    year = "2000"
}

@ARTICLE{2001math......3059G,
       author = {{Goncharov}, A.~B.},
        title = "{Multiple polylogarithms and mixed Tate motives}",
      journal = {arXiv Mathematics e-prints},
     keywords = {Mathematics - Algebraic Geometry, Mathematics - Number Theory, 14F42},
         year = 2001,
        month = mar,
          eid = {math/0103059},
        pages = {math/0103059},
archivePrefix = {arXiv},
       eprint = {math/0103059},
 primaryClass = {math.AG},
       adsurl = {https://ui.adsabs.harvard.edu/abs/2001math......3059G},
      adsnote = {Provided by the SAO/NASA Astrophysics Data System}
}

%EllipticMPLs
@article{Broedel:2017kkb,
    author = "Broedel, Johannes and Duhr, Claude and Dulat, Falko and Tancredi, Lorenzo",
    title = "{Elliptic polylogarithms and iterated integrals on elliptic curves. Part I: general formalism}",
    eprint = "1712.07089",
    archivePrefix = "arXiv",
    primaryClass = "hep-th",
    reportNumber = "CERN-TH-2017-273, CP3-17-57, HU-EP-17-29, HU-Mathematik-2017-09, SLAC-PUB-17194",
    doi = "10.1007/JHEP05(2018)093",
    journal = "JHEP",
    volume = "05",
    pages = "093",
    year = "2018"
}

@article{Broedel:2017siw,
    author = "Broedel, Johannes and Duhr, Claude and Dulat, Falko and Tancredi, Lorenzo",
    title = "{Elliptic polylogarithms and iterated integrals on elliptic curves II: an application to the sunrise integral}",
    eprint = "1712.07095",
    archivePrefix = "arXiv",
    primaryClass = "hep-ph",
    reportNumber = "CERN-TH-2017-274, CP3-17-58, HU-EP-17-30, HU-Mathematik-2017-10, SLAC-PUB-17195",
    doi = "10.1103/PhysRevD.97.116009",
    journal = "Phys. Rev. D",
    volume = "97",
    number = "11",
    pages = "116009",
    year = "2018"
}

@article{Adams:2017ejb,
    author = "Adams, Luise and Weinzierl, Stefan",
    title = "{Feynman integrals and iterated integrals of modular forms}",
    eprint = "1704.08895",
    archivePrefix = "arXiv",
    primaryClass = "hep-ph",
    doi = "10.4310/CNTP.2018.v12.n2.a1",
    journal = "Commun. Num. Theor. Phys.",
    volume = "12",
    pages = "193--251",
    year = "2018"
}

@article{Broedel:2018qkq,
    author = "Broedel, Johannes and Duhr, Claude and Dulat, Falko and Penante, Brenda and Tancredi, Lorenzo",
    title = "{Elliptic Feynman integrals and pure functions}",
    eprint = "1809.10698",
    archivePrefix = "arXiv",
    primaryClass = "hep-th",
    reportNumber = "CP3-18-58, CERN-TH-2018-211, HU-Mathematik-2018-09, HU-EP-18/29, SLAC-PUB-17336",
    doi = "10.1007/JHEP01(2019)023",
    journal = "JHEP",
    volume = "01",
    pages = "023",
    year = "2019"
}

@article{Adams:2018yfj,
    author = "Adams, Luise and Weinzierl, Stefan",
    title = "{The $\varepsilon$-form of the differential equations for Feynman integrals in the elliptic case}",
    eprint = "1802.05020",
    archivePrefix = "arXiv",
    primaryClass = "hep-ph",
    reportNumber = "MITP-18-011",
    doi = "10.1016/j.physletb.2018.04.002",
    journal = "Phys. Lett. B",
    volume = "781",
    pages = "270--278",
    year = "2018"
}

@article{Walden:2020odh,
    author = "Walden, Moritz and Weinzierl, Stefan",
    title = "{Numerical evaluation of iterated integrals related to elliptic Feynman integrals}",
    eprint = "2010.05271",
    archivePrefix = "arXiv",
    primaryClass = "hep-ph",
    doi = "10.1016/j.cpc.2021.108020",
    journal = "Comput. Phys. Commun.",
    volume = "265",
    pages = "108020",
    year = "2021"
}

@article{Bonciani:2016qxi,
    author = "Bonciani, Roberto and Del Duca, Vittorio and Frellesvig, Hjalte and Henn, Johannes M. and Moriello, Francesco and Smirnov, Vladimir A.",
    title = "{Two-loop planar master integrals for Higgs$\to 3$ partons with full heavy-quark mass dependence}",
    eprint = "1609.06685",
    archivePrefix = "arXiv",
    primaryClass = "hep-ph",
    doi = "10.1007/JHEP12(2016)096",
    journal = "JHEP",
    volume = "12",
    pages = "096",
    year = "2016"
}

@article{Bonciani:2019jyb,
    author = "Bonciani, R. and Del Duca, V. and Frellesvig, H. and Henn, J. M. and Hidding, M. and Maestri, L. and Moriello, F. and Salvatori, G. and Smirnov, V. A.",
    title = "{Evaluating a family of two-loop non-planar master integrals for Higgs + jet production with full heavy-quark mass dependence}",
    eprint = "1907.13156",
    archivePrefix = "arXiv",
    primaryClass = "hep-ph",
    doi = "10.1007/JHEP01(2020)132",
    journal = "JHEP",
    volume = "01",
    pages = "132",
    year = "2020"
}

%one-mass 2l 5pt integrals
@article{Chicherin:2021dyp,
    author = "Chicherin, Dmitry and Sotnikov, Vasily and Zoia, Simone",
    title = "{Pentagon functions for one-mass planar scattering amplitudes}",
    eprint = "2110.10111",
    archivePrefix = "arXiv",
    primaryClass = "hep-ph",
    reportNumber = "LAPTH-041/21, MPP-2021-182",
    doi = "10.1007/JHEP01(2022)096",
    journal = "JHEP",
    volume = "01",
    pages = "096",
    year = "2022"
}

@article{Papadopoulos:2019iam,
    author = "Papadopoulos, Costas G. and Wever, Christopher",
    title = "{Internal Reduction method for computing Feynman Integrals}",
    eprint = "1910.06275",
    archivePrefix = "arXiv",
    primaryClass = "hep-ph",
    reportNumber = "TUM-HEP-1232/19",
    doi = "10.1007/JHEP02(2020)112",
    journal = "JHEP",
    volume = "02",
    pages = "112",
    year = "2020"
}

@article{Abreu:2023rco,
    author = "Abreu, Samuel and Chicherin, Dmitry and Ita, Harald and Page, Ben and Sotnikov, Vasily and Tschernow, Wladimir and Zoia, Simone",
    title = "{All Two-Loop Feynman Integrals for Five-Point One-Mass Scattering}",
    eprint = "2306.15431",
    archivePrefix = "arXiv",
    primaryClass = "hep-ph",
    month = "6",
    year = "2023"
}

@article{abreu2021twoloop,
      author="Abreu, Samuel and Ita, Harald and Page, Ben and Tschernow, Wladimir",
      title="{Two-Loop Hexa-Box Integrals for Non-Planar Five-Point One-Mass Processes}", 
      year="2021",
      eprint="2107.14180",
      archivePrefix="arXiv",
      primaryClass="hep-ph"
}

@article{Abreu:2020jxa,
    author = "Abreu, Samuel and Ita, Harald and Moriello, Francesco and Page, Ben and Tschernow, Wladimir and Zeng, Mao",
    title = "{Two-Loop Integrals for Planar Five-Point One-Mass Processes}",
    eprint = "2005.04195",
    archivePrefix = "arXiv",
    primaryClass = "hep-ph",
    doi = "10.1007/JHEP11(2020)117",
    journal = "JHEP",
    volume = "11",
    pages = "117",
    year = "2020"
}

@article{Papadopoulos:2015jft,
    author = "Papadopoulos, Costas G. and Tommasini, Damiano and Wever, Christopher",
    title = "{The Pentabox Master Integrals with the Simplified Differential Equations approach}",
    eprint = "1511.09404",
    archivePrefix = "arXiv",
    primaryClass = "hep-ph",
    reportNumber = "TTP-15-042",
    doi = "10.1007/JHEP04(2016)078",
    journal = "JHEP",
    volume = "04",
    pages = "078",
    year = "2016"
}


@article{Canko:2020ylt,
    author = "Canko, Dhimiter D. and Papadopoulos, Costas G. and Syrrakos, Nikolaos",
    title = "{Analytic representation of all planar two-loop five-point Master Integrals with one off-shell leg}",
    eprint = "2009.13917",
    archivePrefix = "arXiv",
    primaryClass = "hep-ph",
    doi = "10.1007/JHEP01(2021)199",
    journal = "JHEP",
    volume = "01",
    pages = "199",
    year = "2021"
}

@article{Syrrakos:2020kba,
    author = "Syrrakos, Nikolaos",
    title = "{Pentagon integrals to arbitrary order in the dimensional regulator}",
    eprint = "2012.10635",
    archivePrefix = "arXiv",
    primaryClass = "hep-ph",
    doi = "10.1007/JHEP06(2021)037",
    journal = "JHEP",
    volume = "06",
    pages = "037",
    year = "2021"
}

@article{Kardos:2022tpo,
    author = "Kardos, Adam and Papadopoulos, Costas G. and Smirnov, Alexander V. and Syrrakos, Nikolaos and Wever, Christopher",
    title = "{Two-loop non-planar hexa-box integrals with one massive leg}",
    eprint = "2201.07509",
    archivePrefix = "arXiv",
    primaryClass = "hep-ph",
    reportNumber = "TUM-HEP-1384/21",
    month = "1",
    year = "2022"
}

% 2l5pt IBPs
@article{Chawdhry:2018awn,
    author = "Chawdhry, Herschel A. and Lim, Matthew A. and Mitov, Alexander",
    title = "{Two-loop five-point massless QCD amplitudes within the integration-by-parts approach}",
    eprint = "1805.09182",
    archivePrefix = "arXiv",
    primaryClass = "hep-ph",
    reportNumber = "Cavendish-HEP-18/11, CAVENDISH-HEP-18-11",
    doi = "10.1103/PhysRevD.99.076011",
    journal = "Phys. Rev. D",
    volume = "99",
    number = "7",
    pages = "076011",
    year = "2019"
}

% 2to3 NNLO
@article{Chawdhry:2019bji,
    author = "Chawdhry, Herschel A. and Czakon, Michal. and Mitov, Alexander and Poncelet, Rene",
    title = "{NNLO QCD corrections to three-photon production at the LHC}",
    eprint = "1911.00479",
    archivePrefix = "arXiv",
    primaryClass = "hep-ph",
    reportNumber = "Cavendish-HEP-19/17, TTK-19-45, P3H-19-041",
    doi = "10.1007/JHEP02(2020)057",
    journal = "JHEP",
    volume = "02",
    pages = "057",
    year = "2020"
}

@article{Kallweit:2020gcp,
    author = "Kallweit, Stefan and Sotnikov, Vasily and Wiesemann, Marius",
    title = "{Triphoton production at hadron colliders in NNLO QCD}",
    eprint = "2010.04681",
    archivePrefix = "arXiv",
    primaryClass = "hep-ph",
    reportNumber = "MPP-2020-173",
    doi = "10.1016/j.physletb.2020.136013",
    month = "10",
    year = "2020"
}

@article{Chawdhry:2021hkp,
    author = "Chawdhry, Herschel A. and Czakon, Michal and Mitov, Alexander and Poncelet, Rene",
    title = "{NNLO QCD corrections to diphoton production with an additional jet at the LHC}",
    eprint = "2105.06940",
    archivePrefix = "arXiv",
    primaryClass = "hep-ph",
    reportNumber = "Cavendish-HEP-21/07, OUTP-21-13P, P3H-21-032",
    month = "5",
    year = "2021"
}

@article{Czakon:2021mjy,
    author = "Czakon, Michal and Mitov, Alexander and Poncelet, Rene",
    title = "{Tour de force in Quantum Chromodynamics: A first next-to-next-to-leading order study of three-jet production at the LHC}",
    eprint = "2106.05331",
    archivePrefix = "arXiv",
    primaryClass = "hep-ph",
    reportNumber = "Cavendish-HEP-21/09, P3H-21-043, TTK-21-20",
    month = "6",
    year = "2021"
}

%IR pole
@article{Catani:1998bh,
      author         = "Catani, Stefano",
      title          = "{The Singular behavior of QCD amplitudes at two loop
                        order}",
      journal        = "Phys. Lett.",
      volume         = "B427",
      year           = "1998",
      pages          = "161-171",
      doi            = "10.1016/S0370-2693(98)00332-3",
      eprint         = "hep-ph/9802439",
      archivePrefix  = "arXiv",
      primaryClass   = "hep-ph",
      reportNumber   = "CERN-TH-98-42, LPTHE-ORSAY-97-57",
      SLACcitation   = "%%CITATION = HEP-PH/9802439;%%"
}

@article{Becher:2009qa,
      author         = "Becher, Thomas and Neubert, Matthias",
      title          = "{On the Structure of Infrared Singularities of
                        Gauge-Theory Amplitudes}",
      journal        = "JHEP",
      volume         = "06",
      year           = "2009",
      pages          = "081",
      doi            = "10.1088/1126-6708/2009/06/081, 10.1007/JHEP11(2013)024",
      note           = "[Erratum: JHEP11,024(2013)]",
      eprint         = "0903.1126",
      archivePrefix  = "arXiv",
      primaryClass   = "hep-ph",
      reportNumber   = "FERMILAB-PUB-09-061-T, MZ-TH-09-05",
      SLACcitation   = "%%CITATION = ARXIV:0903.1126;%%"
}

@article{Becher:2009cu,
      author         = "Becher, Thomas and Neubert, Matthias",
      title          = "{Infrared singularities of scattering amplitudes in
                        perturbative QCD}",
      journal        = "Phys. Rev. Lett.",
      volume         = "102",
      year           = "2009",
      pages          = "162001",
      doi            = "10.1103/PhysRevLett.102.162001,
                        10.1103/PhysRevLett.111.199905",
      note           = "[Erratum: Phys. Rev. Lett.111,no.19,199905(2013)]",
      eprint         = "0901.0722",
      archivePrefix  = "arXiv",
      primaryClass   = "hep-ph",
      reportNumber   = "FERMILAB-PUB-09-002-T, MZ-TH-09-01",
      SLACcitation   = "%%CITATION = ARXIV:0901.0722;%%"
}

@article{Gardi:2009qi,
    author = "Gardi, Einan and Magnea, Lorenzo",
    title = "{Factorization constraints for soft anomalous dimensions in QCD scattering amplitudes}",
    eprint = "0901.1091",
    archivePrefix = "arXiv",
    primaryClass = "hep-ph",
    reportNumber = "EDINBURGH-2008-35, DFTT-29-2008",
    doi = "10.1088/1126-6708/2009/03/079",
    journal = "JHEP",
    volume = "03",
    pages = "079",
    year = "2009"
}


%numerical unitarity
@article{Abreu:2020xvt,
    author = "Abreu, S. and Dormans, J. and Febres Cordero, F. and Ita, H. and Kraus, M. and Page, B. and Pascual, E. and Ruf and Sotnikov, V.",
    title = "{Caravel: A C++ Framework for the Computation of Multi-Loop Amplitudes with Numerical Unitarity}",
    eprint = "2009.11957",
    archivePrefix = "arXiv",
    primaryClass = "hep-ph",
    month = "9",
    year = "2020"
}

%finite-field methods

@book{hardy2008introduction,
  title={An Introduction to the Theory of Numbers},
  author={Hardy, G.H. and Wright, E.M. and Heath-Brown, D.R. and Silverman, J.},
  isbn={9780199219865},
  lccn={2008279092},
  series={Oxford mathematics},
  year={2008},
  publisher={OUP Oxford}
}

@article{Abramowitz1965HandbookOM,
  title={Handbook of Mathematical Functions With Formulas, Graphs and Mathematical Tables (National Bureau of Standards Applied Mathematics Series No. 55)},
  author={M. Abramowitz and Irene A. Stegun and David M. Miller},
  journal={Journal of Applied Mechanics},
  year={1965},
  volume={32},
  pages={239-239}
}

@article{CUYT20111445,
    title = {Sparse interpolation of multivariate rational functions},
    journal = {Theoretical Computer Science},
    volume = {412},
    number = {16},
    pages = {1445-1456},
    year = {2011},
    note = {Symbolic and Numerical Algorithms},
    issn = {0304-3975},
    doi = {https://doi.org/10.1016/j.tcs.2010.11.050},
    url = {https://www.sciencedirect.com/science/article/pii/S0304397510006882},
    author = {Annie Cuyt and Wen-shin Lee},
    keywords = {Rational function, Sparse interpolation, Multivariate interpolation, Sparse polynomial, Black box},
}

@inproceedings{10.1145/800206.806398,
    author = {Wang, Paul S.},
    title = {A P-Adic Algorithm for Univariate Partial Fractions},
    year = {1981},
    isbn = {0897910478},
    publisher = {Association for Computing Machinery},
    address = {New York, NY, USA},
    url = {https://doi.org/10.1145/800206.806398},
    doi = {10.1145/800206.806398},
    abstract = {Partial fractions is an important algebraic operation with many applications in applied mathematics, physics and engineering. It is also an important operation in any computer symbolic and algebraic system. Among other things, it is used in the integration algorithm.},
    booktitle = {Proceedings of the Fourth ACM Symposium on Symbolic and Algebraic Computation},
    pages = {212–217},
    numpages = {6},
    location = {Snowbird, Utah, USA},
    series = {SYMSAC '81}
}


@article{10.1145/1089292.1089293,
    author = {Wang, Paul S. and Guy, M. J. T. and Davenport, J. H.},
    title = {P-Adic Reconstruction of Rational Numbers},
    year = {1982},
    issue_date = {May 1982},
    publisher = {Association for Computing Machinery},
    address = {New York, NY, USA},
    volume = {16},
    number = {2},
    issn = {0163-5824},
    url = {https://doi.org/10.1145/1089292.1089293},
    doi = {10.1145/1089292.1089293},
    abstract = {In a recent paper, Wang [1981] introduces a p-adic algorithm for the construction of partial fraction decompositions. This differs from the usual p-adic algorithms for factorisation or the computation of greatest common divisors ([Wang, 1978], [Wang, 1980], [Moore &amp; Norman, 1981]) in that the p-adic image is used to reconstruct rational numbers, rather than integers.},
    journal = {SIGSAM Bull.},
    month = {may},
    pages = {2–3},
    numpages = {2}
}

@article{vonManteuffel:2014ixa,
    author = "von Manteuffel, Andreas and Schabinger, Robert M.",
    title = "{A novel approach to integration by parts reduction}",
    eprint = "1406.4513",
    archivePrefix = "arXiv",
    primaryClass = "hep-ph",
    reportNumber = "MITP-14-009",
    doi = "10.1016/j.physletb.2015.03.029",
    journal = "Phys. Lett. B",
    volume = "744",
    pages = "101--104",
    year = "2015"
}


@article{Peraro:2016wsq,
    author = "Peraro, Tiziano",
    title = "{Scattering amplitudes over finite fields and multivariate functional reconstruction}",
    eprint = "1608.01902",
    archivePrefix = "arXiv",
    primaryClass = "hep-ph",
    reportNumber = "EDINBURGH-2016-14",
    doi = "10.1007/JHEP12(2016)030",
    journal = "JHEP",
    volume = "12",
    pages = "030",
    year = "2016"
}


@article{Peraro:2019svx,
    author = "Peraro, Tiziano",
    title = "{FiniteFlow: multivariate functional reconstruction using finite fields and dataflow graphs}",
    eprint = "1905.08019",
    archivePrefix = "arXiv",
    primaryClass = "hep-ph",
    reportNumber = "ZU-TH 24/19",
    doi = "10.1007/JHEP07(2019)031",
    journal = "JHEP",
    volume = "07",
    pages = "031",
    year = "2019"
}

@article{Klappert:2019emp,
    author = "Klappert, Jonas and Lange, Fabian",
    title = "{Reconstructing rational functions with FireFly}",
    eprint = "1904.00009",
    archivePrefix = "arXiv",
    primaryClass = "cs.SC",
    reportNumber = "TTK--19--11, TTK-19-11, P3H-19-007",
    doi = "10.1016/j.cpc.2019.106951",
    journal = "Comput. Phys. Commun.",
    volume = "247",
    pages = "106951",
    year = "2020"
}

@article{Klappert:2020aqs,
    author = "Klappert, Jonas and Klein, Sven Yannick and Lange, Fabian",
    title = "{Interpolation of dense and sparse rational functions and other improvements in FireFly}",
    eprint = "2004.01463",
    archivePrefix = "arXiv",
    primaryClass = "cs.MS",
    reportNumber = "TTK-20-07, P3H-20-010",
    doi = "10.1016/j.cpc.2021.107968",
    journal = "Comput. Phys. Commun.",
    volume = "264",
    pages = "107968",
    year = "2021"
}


%LiteRed
@article{Pak:2011xt,
    author = "Pak, Alexey",
    editor = "Teodorescu, Liliana and Britton, David and Glover, Nigel and Heinrich, Gudrun and Lauret, Jerome and Naumann, Axel and Speer, Thomas and Teixeira-Dias, Pedro",
    title = "{The Toolbox of modern multi-loop calculations: novel analytic and semi-analytic techniques}",
    eprint = "1111.0868",
    archivePrefix = "arXiv",
    primaryClass = "hep-ph",
    doi = "10.1088/1742-6596/368/1/012049",
    journal = "J. Phys. Conf. Ser.",
    volume = "368",
    pages = "012049",
    year = "2012"
}

@article{Lee:2008tj,
    author = "Lee, R. N.",
    title = "{Group structure of the integration-by-part identities and its application to the reduction of multiloop integrals}",
    eprint = "0804.3008",
    archivePrefix = "arXiv",
    primaryClass = "hep-ph",
    doi = "10.1088/1126-6708/2008/07/031",
    journal = "JHEP",
    volume = "07",
    pages = "031",
    year = "2008"
}

@article{Lee:2012cn,
      author         = "Lee, R. N.",
      title          = "{Presenting LiteRed: a tool for the Loop InTEgrals
                        REDuction}",
      year           = "2012",
      eprint         = "1212.2685",
      archivePrefix  = "arXiv",
      primaryClass   = "hep-ph",
      SLACcitation   = "%%CITATION = ARXIV:1212.2685;%%"
}

@article{Lee:2013mka,
    author = "Lee, Roman N.",
    editor = "Wang, Jianxiong",
    title = "{LiteRed 1.4: a powerful tool for reduction of multiloop integrals}",
    eprint = "1310.1145",
    archivePrefix = "arXiv",
    primaryClass = "hep-ph",
    doi = "10.1088/1742-6596/523/1/012059",
    journal = "J. Phys. Conf. Ser.",
    volume = "523",
    pages = "012059",
    year = "2014"
}

%Laporta
@article{Laporta:2001dd,
      author         = "Laporta, S.",
      title          = "{High precision calculation of multiloop Feynman
                        integrals by difference equations}",
      journal        = "Int. J. Mod. Phys.",
      volume         = "A15",
      year           = "2000",
      pages          = "5087-5159",
      doi            = "10.1016/S0217-751X(00)00215-7, 10.1142/S0217751X00002157",
      eprint         = "hep-ph/0102033",
      archivePrefix  = "arXiv",
      primaryClass   = "hep-ph",
      SLACcitation   = "%%CITATION = HEP-PH/0102033;%%"
}

%%% FORM, qgraf and other tools %%%

@article{Kuipers:2012rf,
      author         = "Kuipers, J. and Ueda, T. and Vermaseren, J. A. M. and
                        Vollinga, J.",
      title          = "{FORM version 4.0}",
      journal        = "Comput. Phys. Commun.",
      volume         = "184",
      year           = "2013",
      pages          = "1453-1467",
      doi            = "10.1016/j.cpc.2012.12.028",
      eprint         = "1203.6543",
      archivePrefix  = "arXiv",
      primaryClass   = "cs.SC",
      reportNumber   = "NIKHEF-2012-004, TTP12-008, SFB-CPP-12-15",
      SLACcitation   = "%%CITATION = ARXIV:1203.6543;%%"
}

@article{Ruijl:2017dtg,
      author         = "Ruijl, Ben and Ueda, Takahiro and Vermaseren, Jos",
      title          = "{FORM version 4.2}",
      year           = "2017",
      eprint         = "1707.06453",
      archivePrefix  = "arXiv",
      primaryClass   = "hep-ph",
      SLACcitation   = "%%CITATION = ARXIV:1707.06453;%%"
}

@article{Nogueira:1991ex,
      author         = "Nogueira, Paulo",
      title          = "{Automatic Feynman graph generation}",
      journal        = "J. Comput. Phys.",
      volume         = "105",
      year           = "1993",
      pages          = "279-289",
      doi            = "10.1006/jcph.1993.1074",
      reportNumber   = "IFM-7-91",
      SLACcitation   = "%%CITATION = JCTPA,105,279;%%"
}

%bbH recent pheno
@article{Mondini:2019vub,
    author = "Mondini, Roberto and Williams, Ciaran",
    title = "{$ H\to b\overline{b}j $ at next-to-next-to-leading order accuracy}",
    eprint = "1904.08961",
    archivePrefix = "arXiv",
    primaryClass = "hep-ph",
    doi = "10.1007/JHEP06(2019)120",
    journal = "JHEP",
    volume = "06",
    pages = "120",
    year = "2019"
}

@article{Pagani:2020rsg,
    author = "Pagani, Davide and Shao, Hua-Sheng and Zaro, Marco",
    title = "{RIP $ Hb\overline{b} $: how other Higgs production modes conspire to kill a rare signal at the LHC}",
    eprint = "2005.10277",
    archivePrefix = "arXiv",
    primaryClass = "hep-ph",
    reportNumber = "DESY-20-089, DESY 20-089, TIF-UNIMI-2020-16",
    doi = "10.1007/JHEP11(2020)036",
    journal = "JHEP",
    volume = "11",
    pages = "036",
    year = "2020"
}

@article{Grojean:2020ech,
    author = "Grojean, Christophe and Paul, Ayan and Qian, Zhuoni",
    title = "{Resurrecting $ b\overline{b}h $ with kinematic shapes}",
    eprint = "2011.13945",
    archivePrefix = "arXiv",
    primaryClass = "hep-ph",
    reportNumber = "DESY-20-175, HU-EP-20/28",
    doi = "10.1007/JHEP04(2021)139",
    journal = "JHEP",
    volume = "04",
    pages = "139",
    year = "2021"
}

@article{Konar:2021nkk,
    author = "Konar, Partha and Mukhopadhyaya, Biswarup and Rahaman, Rafiqul and Singh, Ritesh K.",
    title = "{Probing non-standard  $b\bar{b}h$ interaction at the LHC at $\sqrt{s}=13$ TeV}",
    eprint = "2101.10683",
    archivePrefix = "arXiv",
    primaryClass = "hep-ph",
    doi = "10.1016/j.physletb.2021.136358",
    journal = "Phys. Lett. B",
    volume = "818",
    pages = "136358",
    year = "2021"
}

%New physics model for bbH
@article{Balazs:1998nt,
    author = "Balazs, C. and Diaz-Cruz, J. L. and He, H. J. and Tait, Timothy M. P. and Yuan, C. P.",
    title = "{Probing Higgs bosons with large bottom Yukawa coupling at hadron colliders}",
    eprint = "hep-ph/9807349",
    archivePrefix = "arXiv",
    reportNumber = "MSUHEP-80515, FERMILAB-PUB-98-182-T, ANL-HEP-PR-98-55",
    doi = "10.1103/PhysRevD.59.055016",
    journal = "Phys. Rev. D",
    volume = "59",
    pages = "055016",
    year = "1999"
}




%review 5FS vs 4FS
@article{Maltoni:2012pa,
    author = "Maltoni, Fabio and Ridolfi, Giovanni and Ubiali, Maria",
    title = "{b-initiated processes at the LHC: a reappraisal}",
    eprint = "1203.6393",
    archivePrefix = "arXiv",
    primaryClass = "hep-ph",
    reportNumber = "CP3-12-15, TTK-12-11",
    doi = "10.1007/JHEP04(2013)095",
    journal = "JHEP",
    volume = "07",
    pages = "022",
    year = "2012",
    note = "[Erratum: JHEP 04, 095 (2013)]"
}

% 5FS bbH
@article{Dicus:1998hs,
    author = "Dicus, D. and Stelzer, T. and Sullivan, Z. and Willenbrock, S.",
    title = "{Higgs boson production in association with bottom quarks at next-to-leading order}",
    eprint = "hep-ph/9811492",
    archivePrefix = "arXiv",
    reportNumber = "DOE-ER-40757-121, UTEXAS-HEP-98-23, ILL-TH-98-5, ANL-HEP-PR-98-138, EFI-98-57",
    doi = "10.1103/PhysRevD.59.094016",
    journal = "Phys. Rev. D",
    volume = "59",
    pages = "094016",
    year = "1999"
}

@article{Balazs:1998sb,
    author = "Balazs, Csaba and He, Hong-Jian and Yuan, C. P.",
    title = "{QCD corrections to scalar production via heavy quark fusion at hadron colliders}",
    eprint = "hep-ph/9812263",
    archivePrefix = "arXiv",
    reportNumber = "MSUHEP-81010A",
    doi = "10.1103/PhysRevD.60.114001",
    journal = "Phys. Rev. D",
    volume = "60",
    pages = "114001",
    year = "1999"
}


@article{Maltoni:2003pn,
    author = "Maltoni, F. and Sullivan, Z. and Willenbrock, S.",
    title = "{Higgs-Boson Production via Bottom-Quark Fusion}",
    eprint = "hep-ph/0301033",
    archivePrefix = "arXiv",
    reportNumber = "ILL-TH-02-12, RM3-TH-02-21, FERMILAB-PUB-02-341-T",
    doi = "10.1103/PhysRevD.67.093005",
    journal = "Phys. Rev. D",
    volume = "67",
    pages = "093005",
    year = "2003"
}

@article{Harlander:2010cz,
    author = "Harlander, Robert V. and Ozeren, Kemal J. and Wiesemann, Marius",
    title = "{Higgs plus jet production in bottom quark annihilation at next-to-leading order}",
    eprint = "1007.5411",
    archivePrefix = "arXiv",
    primaryClass = "hep-ph",
    reportNumber = "WUB-10-20",
    doi = "10.1016/j.physletb.2010.08.038",
    journal = "Phys. Lett. B",
    volume = "693",
    pages = "269--273",
    year = "2010"
}


@article{Buehler:2012cu,
    author = {B\"uhler, Stephan and Herzog, Franz and Lazopoulos, Achilleas and M\"uller, Romain},
    title = "{The fully differential hadronic production of a Higgs boson via bottom quark fusion at NNLO}",
    eprint = "1204.4415",
    archivePrefix = "arXiv",
    primaryClass = "hep-ph",
    doi = "10.1007/JHEP07(2012)115",
    journal = "JHEP",
    volume = "07",
    pages = "115",
    year = "2012"
}

@article{Harlander:2012pb,
    author = "Harlander, Robert V. and Liebler, Stefan and Mantler, Hendrik",
    title = "{SusHi: A program for the calculation of Higgs production in gluon fusion and bottom-quark annihilation in the Standard Model and the MSSM}",
    eprint = "1212.3249",
    archivePrefix = "arXiv",
    primaryClass = "hep-ph",
    reportNumber = "WUB-12-28, LPN12-134",
    doi = "10.1016/j.cpc.2013.02.006",
    journal = "Comput. Phys. Commun.",
    volume = "184",
    pages = "1605--1617",
    year = "2013"
}

@article{H:2019nsw,
    author = "Ajjath, A. H. and Banerjee, Pulak and Chakraborty, Amlan and Dhani, Prasanna K. and Mukherjee, Pooja and Rana, Narayan and Ravindran, V.",
    title = "{NNLO QCD$\oplus$QED corrections to Higgs production in bottom quark annihilation}",
    eprint = "1906.09028",
    archivePrefix = "arXiv",
    primaryClass = "hep-ph",
    reportNumber = "IMSc/2019/05/05, PSI-PR-19-12, TIF-UNIMI-2019-7",
    doi = "10.1103/PhysRevD.100.114016",
    journal = "Phys. Rev. D",
    volume = "100",
    number = "11",
    pages = "114016",
    year = "2019"
}

@article{Duhr:2019kwi,
    author = "Duhr, Claude and Dulat, Falko and Mistlberger, Bernhard",
    title = "{Higgs Boson Production in Bottom-Quark Fusion to Third Order in the Strong Coupling}",
    eprint = "1904.09990",
    archivePrefix = "arXiv",
    primaryClass = "hep-ph",
    reportNumber = "CERN-TH-2019-052,CP3-19-19,MIT-CTP/5115,SLAC-PUB-17425, CERN-TH-2019-052, CP3-19-19, MIT-CTP/5115, SLAC-PUB-17425",
    doi = "10.1103/PhysRevLett.125.051804",
    journal = "Phys. Rev. Lett.",
    volume = "125",
    number = "5",
    pages = "051804",
    year = "2020"
}

% pp -> bH
@article{Campbell:2002zm,
    author = "Campbell, John M. and Ellis, R. Keith and Maltoni, F. and Willenbrock, S.",
    title = "{Higgs-Boson Production in Association with a Single Bottom Quark}",
    eprint = "hep-ph/0204093",
    archivePrefix = "arXiv",
    reportNumber = "ANL-HEP-PR-02-027, FERMILAB-PUB-02-062-T, ILL-TH-02-3",
    doi = "10.1103/PhysRevD.67.095002",
    journal = "Phys. Rev. D",
    volume = "67",
    pages = "095002",
    year = "2003"
}

@article{Dawson:2010yz,
    author = "Dawson, S. and Jaiswal, P.",
    title = "{Weak Corrections to Associated Higgs-Bottom Quark Production}",
    eprint = "1002.2672",
    archivePrefix = "arXiv",
    primaryClass = "hep-ph",
    reportNumber = "YITP-SB-10-04",
    doi = "10.1103/PhysRevD.81.073008",
    journal = "Phys. Rev. D",
    volume = "81",
    pages = "073008",
    year = "2010"
}


@article{Dawson:2011pe,
    author = "Dawson, S. and Jackson, C. B. and Jaiswal, P.",
    title = "{SUSY QCD Corrections to Higgs-b Production : Is the $\Delta_b$ Approximation Accurate?}",
    eprint = "1104.1631",
    archivePrefix = "arXiv",
    primaryClass = "hep-ph",
    reportNumber = "YITP-SB-11-11",
    doi = "10.1103/PhysRevD.83.115007",
    journal = "Phys. Rev. D",
    volume = "83",
    pages = "115007",
    year = "2011"
}

% bbH 4FS
@article{Dittmaier:2003ej,
    author = {Dittmaier, Stefan and Kr\"amer, Michael and Spira, Michael},
    title = "{Higgs radiation off bottom quarks at the Tevatron and the CERN LHC}",
    eprint = "hep-ph/0309204",
    archivePrefix = "arXiv",
    reportNumber = "EDINBURGH-2003-13, MPP-2003-49, PSI-PR-03-14",
    doi = "10.1103/PhysRevD.70.074010",
    journal = "Phys. Rev. D",
    volume = "70",
    pages = "074010",
    year = "2004"
}

@article{Dawson:2003kb,
    author = "Dawson, S. and Jackson, C. B. and Reina, L. and Wackeroth, D.",
    title = "{Exclusive Higgs boson production with bottom quarks at hadron colliders}",
    eprint = "hep-ph/0311067",
    archivePrefix = "arXiv",
    reportNumber = "BNL-HET-03-17, FSU-HEP-2003-1015, UB-HET-03-05",
    doi = "10.1103/PhysRevD.69.074027",
    journal = "Phys. Rev. D",
    volume = "69",
    pages = "074027",
    year = "2004"
}

@article{Dawson:2004sh,
    author = "Dawson, S. and Jackson, C. B. and Reina, L. and Wackeroth, D.",
    title = "{Higgs boson production with one bottom quark jet at hadron colliders}",
    eprint = "hep-ph/0408077",
    archivePrefix = "arXiv",
    reportNumber = "BNL-HET-04-12, FSU-HEP-2004-0804, UB-HET-04-02",
    doi = "10.1103/PhysRevLett.94.031802",
    journal = "Phys. Rev. Lett.",
    volume = "94",
    pages = "031802",
    year = "2005"
}

@article{Wiesemann:2014ioa,
    author = "Wiesemann, M. and Frederix, R. and Frixione, S. and Hirschi, V. and Maltoni, F. and Torrielli, P.",
    title = "{Higgs production in association with bottom quarks}",
    eprint = "1409.5301",
    archivePrefix = "arXiv",
    primaryClass = "hep-ph",
    reportNumber = "CERN-PH-TH-2014-182, CP3-14-64, LPN14-114, MCNET-14-20, ZU-TH-33-14",
    doi = "10.1007/JHEP02(2015)132",
    journal = "JHEP",
    volume = "02",
    pages = "132",
    year = "2015"
}


@article{Jager:2015hka,
    author = "Jager, Barbara and Reina, Laura and Wackeroth, Doreen",
    title = "{Higgs boson production in association with b jets in the POWHEG BOX}",
    eprint = "1509.05843",
    archivePrefix = "arXiv",
    primaryClass = "hep-ph",
    doi = "10.1103/PhysRevD.93.014030",
    journal = "Phys. Rev. D",
    volume = "93",
    number = "1",
    pages = "014030",
    year = "2016"
}

@article{Deutschmann:2018avk,
    author = "Deutschmann, Nicolas and Maltoni, Fabio and Wiesemann, Marius and Zaro, Marco",
    title = "{Top-Yukawa contributions to bbH production at the LHC}",
    eprint = "1808.01660",
    archivePrefix = "arXiv",
    primaryClass = "hep-ph",
    reportNumber = "CERN-TH-2018-175, CP3-18-52, NIKHEF/2018-037",
    doi = "10.1007/JHEP07(2019)054",
    journal = "JHEP",
    volume = "07",
    pages = "054",
    year = "2019"
}

@article{Dawson:2005vi,
    author = "Dawson, S. and Jackson, C. B. and Reina, L. and Wackeroth, D.",
    title = "{Higgs production in association with bottom quarks at hadron colliders}",
    eprint = "hep-ph/0508293",
    archivePrefix = "arXiv",
    doi = "10.1142/S0217732306019256",
    journal = "Mod. Phys. Lett. A",
    volume = "21",
    pages = "89--110",
    year = "2006"
}


%4FS and 5FS matching
@article{Harlander:2011aa,
    author = "Harlander, Robert and Kramer, Michael and Schumacher, Markus",
    title = "{Bottom-quark associated Higgs-boson production: reconciling the four- and five-flavour scheme approach}",
    eprint = "1112.3478",
    archivePrefix = "arXiv",
    primaryClass = "hep-ph",
    reportNumber = "CERN-PH-TH-2011-134, FR-PHENO-2011-009, TTK-11-17, WUB-11-04",
    month = "12",
    year = "2011"
}

@article{Bonvini:2015pxa,
    author = "Bonvini, Marco and Papanastasiou, Andrew S. and Tackmann, Frank J.",
    title = "{Resummation and matching of b-quark mass effects in $ b\overline{b}H $ production}",
    eprint = "1508.03288",
    archivePrefix = "arXiv",
    primaryClass = "hep-ph",
    reportNumber = "OUTP-15-16P, DESY-15-137",
    doi = "10.1007/JHEP11(2015)196",
    journal = "JHEP",
    volume = "11",
    pages = "196",
    year = "2015"
}

@article{Forte:2015hba,
    author = "Forte, Stefano and Napoletano, Davide and Ubiali, Maria",
    title = "{Higgs production in bottom-quark fusion in a matched scheme}",
    eprint = "1508.01529",
    archivePrefix = "arXiv",
    primaryClass = "hep-ph",
    reportNumber = "TIF-UNIMI-2015-12, CAVENDISH-HEP-15-06",
    doi = "10.1016/j.physletb.2015.10.051",
    journal = "Phys. Lett. B",
    volume = "751",
    pages = "331--337",
    year = "2015"
}

@article{Bonvini:2016fgf,
    author = "Bonvini, Marco and Papanastasiou, Andrew S. and Tackmann, Frank J.",
    title = "{Matched predictions for the $ b\overline{b}H $ cross section at the 13 TeV LHC}",
    eprint = "1605.01733",
    archivePrefix = "arXiv",
    primaryClass = "hep-ph",
    reportNumber = "OUTP-16-08P, CAVENDISH-HEP-16-06, DESY-16-076",
    doi = "10.1007/JHEP10(2016)053",
    journal = "JHEP",
    volume = "10",
    pages = "053",
    year = "2016"
}

@article{Forte:2016sja,
    author = "Forte, Stefano and Napoletano, Davide and Ubiali, Maria",
    title = "{Higgs production in bottom-quark fusion: matching beyond leading order}",
    eprint = "1607.00389",
    archivePrefix = "arXiv",
    primaryClass = "hep-ph",
    reportNumber = "TIF-UNIMI-2016-6, IPPP-16-61, CAVENDISH-HEP-16-11, TIF-UNIMI-2016-6; IPPP/16/61; Cavendish-HEP-16/11",
    doi = "10.1016/j.physletb.2016.10.040",
    journal = "Phys. Lett. B",
    volume = "763",
    pages = "190--196",
    year = "2016"
}

@article{Duhr:2020kzd,
    author = "Duhr, Claude and Dulat, Falko and Hirschi, Valentin and Mistlberger, Bernhard",
    title = "{Higgs production in bottom quark fusion: matching the 4- and 5-flavour schemes to third order in the strong coupling}",
    eprint = "2004.04752",
    archivePrefix = "arXiv",
    primaryClass = "hep-ph",
    reportNumber = "CERN-TH-2020-051, MIT-CTP/5191",
    doi = "10.1007/JHEP08(2020)017",
    journal = "JHEP",
    volume = "08",
    number = "08",
    pages = "017",
    year = "2020"
}


%massive 5FS
@article{Krauss:2017wmx,
    author = "Krauss, Frank and Napoletano, Davide",
    title = "{Towards a fully massive five-flavor scheme}",
    eprint = "1712.06832",
    archivePrefix = "arXiv",
    primaryClass = "hep-ph",
    doi = "10.1103/PhysRevD.98.096002",
    journal = "Phys. Rev. D",
    volume = "98",
    number = "9",
    pages = "096002",
    year = "2018"
}

@article{Figueroa:2018chn,
    author = "Figueroa, D. and Honeywell, S. and Quackenbush, S. and Reina, L. and Reuschle, C. and Wackeroth, D.",
    title = "{Electroweak and QCD corrections to $Z$-boson production with one $b$ jet in a massive five-flavor scheme}",
    eprint = "1805.01353",
    archivePrefix = "arXiv",
    primaryClass = "hep-ph",
    doi = "10.1103/PhysRevD.98.093002",
    journal = "Phys. Rev. D",
    volume = "98",
    number = "9",
    pages = "093002",
    year = "2018"
}

% bb->H+j
@article{Mondini:2021nck,
    author = "Mondini, Roberto and Williams, Ciaran",
    title = "{Bottom-induced contributions to Higgs plus jet at next-to-next-to-leading order}",
    eprint = "2102.05487",
    archivePrefix = "arXiv",
    primaryClass = "hep-ph",
    doi = "10.1007/JHEP05(2021)045",
    journal = "JHEP",
    volume = "05",
    pages = "045",
    year = "2021"
}


%H->bb
@article{Ahmed:2014pka,
    author = "Ahmed, Taushif and Mahakhud, Maguni and Mathews, Prakash and Rana, Narayan and Ravindran, V.",
    title = "{Two-loop QCD corrections to Higgs $\to b+\overline{b}+g$ amplitude}",
    eprint = "1405.2324",
    archivePrefix = "arXiv",
    primaryClass = "hep-ph",
    reportNumber = "HRI-RECAPP-2014-010",
    doi = "10.1007/JHEP08(2014)075",
    journal = "JHEP",
    volume = "08",
    pages = "075",
    year = "2014"
}

% momentum twistors

@article{Hodges:2009hk,
    author = "Hodges, Andrew",
    title = "{Eliminating spurious poles from gauge-theoretic amplitudes}",
    eprint = "0905.1473",
    archivePrefix = "arXiv",
    primaryClass = "hep-th",
    doi = "10.1007/JHEP05(2013)135",
    journal = "JHEP",
    volume = "05",
    pages = "135",
    year = "2013"
}

@article{Badger:2016uuq,
    author = "Badger, Simon",
    editor = "Salinas, Luis and Torres, Claudio",
    title = "{Automating QCD amplitudes with on-shell methods}",
    eprint = "1605.02172",
    archivePrefix = "arXiv",
    primaryClass = "hep-ph",
    doi = "10.1088/1742-6596/762/1/012057",
    journal = "J. Phys. Conf. Ser.",
    volume = "762",
    number = "1",
    pages = "012057",
    year = "2016"
}

%Wbb two-loop leading colour
@article{Badger:2021nhg,
    author = "Badger, Simon and Hartanto, Heribertus Bayu and Zoia, Simone",
    title = "{Two-Loop QCD Corrections to $Wb\bar{b}$ Production at Hadron Colliders}",
    eprint = "2102.02516",
    archivePrefix = "arXiv",
    primaryClass = "hep-ph",
    reportNumber = "CAVENDISH-HEP-21/01",
    doi = "10.1103/PhysRevLett.127.012001",
    journal = "Phys. Rev. Lett.",
    volume = "127",
    number = "1",
    pages = "012001",
    year = "2021"
}


%flavoured jet algorithm
@article{Banfi:2006hf,
    author = "Banfi, Andrea and Salam, Gavin P. and Zanderighi, Giulia",
    title = "{Infrared safe definition of jet flavor}",
    eprint = "hep-ph/0601139",
    archivePrefix = "arXiv",
    reportNumber = "FERMILAB-PUB-06-003-T, BICOCCA-FT-05-28, CAVENDISH-HEP-05-25, CERN-PH-TH-2006-002, DAMTP-2005-134, LPTHE-05-34",
    doi = "10.1140/epjc/s2006-02552-4",
    journal = "Eur. Phys. J. C",
    volume = "47",
    pages = "113--124",
    year = "2006"
}


@article{Badger:2021owl,
    author = "Badger, Simon and Chaubey, Ekta and Hartanto, Heribertus Bayu and Marzucca, Robin",
    title = "{Two-loop leading colour QCD helicity amplitudes for top quark pair production in the gluon fusion channel}",
    eprint = "2102.13450",
    archivePrefix = "arXiv",
    primaryClass = "hep-ph",
    doi = "10.1007/JHEP06(2021)163",
    journal = "JHEP",
    volume = "06",
    pages = "163",
    year = "2021"
}

@article{Cullen:2010jv,
    author = "Cullen, Gavin and Koch-Janusz, Maciej and Reiter, Thomas",
    title = "{Spinney: A Form Library for Helicity Spinors}",
    eprint = "1008.0803",
    archivePrefix = "arXiv",
    primaryClass = "hep-ph",
    reportNumber = "NIKHEF-2010-019, EDINBURGH-2010-021",
    doi = "10.1016/j.cpc.2011.06.007",
    journal = "Comput. Phys. Commun.",
    volume = "182",
    pages = "2368--2387",
    year = "2011"
}


%SUSY QCD to bbH
@article{Liu:2012qu,
    author = "Liu, Ning and Wu, Lei and Wu, Peiwen and Yang, Jin Min",
    title = "{Complete one-loop effects of SUSY QCD in $b\bar{b}h$ production at the LHC under current experimental constraints}",
    eprint = "1208.3413",
    archivePrefix = "arXiv",
    primaryClass = "hep-ph",
    doi = "10.1007/JHEP01(2013)161",
    journal = "JHEP",
    volume = "01",
    pages = "161",
    year = "2013"
}

@article{Dittmaier:2014sva,
    author = {Dittmaier, Stefan and H\"afliger, Petra and Kr\"amer, Michael and Spira, Michael and Walser, Manuel},
    title = "{Neutral MSSM Higgs-boson production with heavy quarks: NLO supersymmetric QCD corrections}",
    eprint = "1406.5307",
    archivePrefix = "arXiv",
    primaryClass = "hep-ph",
    reportNumber = "FR-PHENO-2012-020, PSI-PR-12-06, TTK-12-35",
    doi = "10.1103/PhysRevD.90.035010",
    journal = "Phys. Rev. D",
    volume = "90",
    number = "3",
    pages = "035010",
    year = "2014"
}

%%% IBPs
@article{Anastasiou:2004vj,
    author = "Anastasiou, Charalampos and Lazopoulos, Achilleas",
    title = "{Automatic integral reduction for higher order perturbative calculations}",
    eprint = "hep-ph/0404258",
    archivePrefix = "arXiv",
    reportNumber = "SLAC-PUB-10428",
    doi = "10.1088/1126-6708/2004/07/046",
    journal = "JHEP",
    volume = "07",
    pages = "046",
    year = "2004"
}

@article{Maierhofer:2017gsa,
    author = {Maierh\"ofer, Philipp and Usovitsch, Johann and Uwer, Peter},
    title = "{Kira - A Feynman integral reduction program}",
    eprint = "1705.05610",
    archivePrefix = "arXiv",
    primaryClass = "hep-ph",
    doi = "10.1016/j.cpc.2018.04.012",
    journal = "Comput. Phys. Commun.",
    volume = "230",
    pages = "99--112",
    year = "2018"
}

@article{Klappert:2020nbg,
    author = {Klappert, Jonas and Lange, Fabian and Maierh\"ofer, Philipp and Usovitsch, Johann},
    title = "{Integral reduction with Kira 2.0 and finite field methods}",
    eprint = "2008.06494",
    archivePrefix = "arXiv",
    primaryClass = "hep-ph",
    reportNumber = "TTK-20-24, P3H-20-041, FR-PHENO-2020-11, MITP/20-044",
    doi = "10.1016/j.cpc.2021.108024",
    journal = "Comput. Phys. Commun.",
    volume = "266",
    pages = "108024",
    year = "2021"
}

@article{Studerus:2009ye,
    author = "Studerus, C.",
    title = "{Reduze-Feynman Integral Reduction in C++}",
    eprint = "0912.2546",
    archivePrefix = "arXiv",
    primaryClass = "physics.comp-ph",
    reportNumber = "ZU-TH-18-09",
    doi = "10.1016/j.cpc.2010.03.012",
    journal = "Comput. Phys. Commun.",
    volume = "181",
    pages = "1293--1300",
    year = "2010"
}

@article{vonManteuffel:2012np,
    author = "von Manteuffel, A. and Studerus, C.",
    title = "{Reduze 2 - Distributed Feynman Integral Reduction}",
    eprint = "1201.4330",
    archivePrefix = "arXiv",
    primaryClass = "hep-ph",
    reportNumber = "ZU-TH-01-12, MZ-TH-12-03, BI-TP-2012-02",
    month = "1",
    year = "2012"
}


@article{Smirnov:2008iw,
    author = "Smirnov, A. V.",
    title = "{Algorithm FIRE -- Feynman Integral REduction}",
    eprint = "0807.3243",
    archivePrefix = "arXiv",
    primaryClass = "hep-ph",
    reportNumber = "TTP08-30, SFB-CPP-08-51",
    doi = "10.1088/1126-6708/2008/10/107",
    journal = "JHEP",
    volume = "10",
    pages = "107",
    year = "2008"
}

@article{Smirnov:2019qkx,
    author = "Smirnov, A. V. and Chuharev, F. S.",
    title = "{FIRE6: Feynman Integral REduction with Modular Arithmetic}",
    eprint = "1901.07808",
    archivePrefix = "arXiv",
    primaryClass = "hep-ph",
    reportNumber = "TTP19-006",
    doi = "10.1016/j.cpc.2019.106877",
    journal = "Comput. Phys. Commun.",
    volume = "247 ",
    pages = "106877",
    year = "2020"
}

@book{smirnov2006feynman,
    title={Feynman Integral Calculus},
    author={Smirnov, V.A.},
    isbn={9783540306108},
    lccn={2006927416},
    doi={10.1007/3540306110},
    year={2006},
    publisher={Springer}
}

@article{Grozin:2011mt,
    author = "Grozin, A. G.",
    title = "{Integration by parts: An Introduction}",
    eprint = "1104.3993",
    archivePrefix = "arXiv",
    primaryClass = "hep-ph",
    reportNumber = "TTP11-09",
    doi = "10.1142/S0217751X11053687",
    journal = "Int. J. Mod. Phys. A",
    volume = "26",
    pages = "2807--2854",
    year = "2011"
}

@article{Tkachov:1981wb,
      author         = "Tkachov, F. V.",
      title          = "{A Theorem on Analytical Calculability of Four Loop
                        Renormalization Group Functions}",
      journal        = "Phys. Lett.",
      volume         = "100B",
      year           = "1981",
      pages          = "65-68",
      doi            = "10.1016/0370-2693(81)90288-4",
      SLACcitation   = "%%CITATION = PHLTA,100B,65;%%"
}

@article{Chetyrkin:1981qh,
      author         = "Chetyrkin, K. G. and Tkachov, F. V.",
      title          = "{Integration by Parts: The Algorithm to Calculate beta
                        Functions in 4 Loops}",
      journal        = "Nucl. Phys.",
      volume         = "B192",
      year           = "1981",
      pages          = "159-204",
      doi            = "10.1016/0550-3213(81)90199-1",
      SLACcitation   = "%%CITATION = NUPHA,B192,159;%%"
}

@article{Gluza:2010ws,
    author = "Gluza, Janusz and Kajda, Krzysztof and Kosower, David A.",
    title = "{Towards a Basis for Planar Two-Loop Integrals}",
    eprint = "1009.0472",
    archivePrefix = "arXiv",
    primaryClass = "hep-th",
    reportNumber = "SACLAY-IPHT-T10-089, WIS-09-10-JULY-DPPA",
    doi = "10.1103/PhysRevD.83.045012",
    journal = "Phys. Rev. D",
    volume = "83",
    pages = "045012",
    year = "2011"
}

@article{Schabinger:2011dz,
    author = "Schabinger, Robert M.",
    title = "{A New Algorithm For The Generation Of Unitarity-Compatible Integration By Parts Relations}",
    eprint = "1111.4220",
    archivePrefix = "arXiv",
    primaryClass = "hep-ph",
    reportNumber = "IFT-UAM-CSIC-11-89",
    doi = "10.1007/JHEP01(2012)077",
    journal = "JHEP",
    volume = "01",
    pages = "077",
    year = "2012"
}

@article{Larsen:2015ped,
    author = "Larsen, Kasper J. and Zhang, Yang",
    title = "{Integration-by-parts reductions from unitarity cuts and algebraic geometry}",
    eprint = "1511.01071",
    archivePrefix = "arXiv",
    primaryClass = "hep-th",
    doi = "10.1103/PhysRevD.93.041701",
    journal = "Phys. Rev. D",
    volume = "93",
    number = "4",
    pages = "041701",
    year = "2016"
}

@article{Ita:2015tya,
    author = "Ita, Harald",
    title = "{Two-loop Integrand Decomposition into Master Integrals and Surface Terms}",
    eprint = "1510.05626",
    archivePrefix = "arXiv",
    primaryClass = "hep-th",
    reportNumber = "FR-PHENO-2015-011",
    doi = "10.1103/PhysRevD.94.116015",
    journal = "Phys. Rev. D",
    volume = "94",
    number = "11",
    pages = "116015",
    year = "2016"
}

@article{Boehm:2017wjc,
    author = {B\"ohm, Janko and Georgoudis, Alessandro and Larsen, Kasper J. and Schulze, Mathias and Zhang, Yang},
    title = "{Complete sets of logarithmic vector fields for integration-by-parts identities of Feynman integrals}",
    eprint = "1712.09737",
    archivePrefix = "arXiv",
    primaryClass = "hep-th",
    reportNumber = "MITP-17-104, UUITP-44-17, MITP/17-104, UUITP-44/17",
    doi = "10.1103/PhysRevD.98.025023",
    journal = "Phys. Rev. D",
    volume = "98",
    number = "2",
    pages = "025023",
    year = "2018"
}

%%% DEQs
@inproceedings{Duhr:2014woa,
    author = "Duhr, Claude",
    title = "{Mathematical aspects of scattering amplitudes}",
    booktitle = "{Theoretical Advanced Study Institute in Elementary Particle Physics}: {Journeys Through the Precision Frontier: Amplitudes for Colliders}",
    eprint = "1411.7538",
    archivePrefix = "arXiv",
    primaryClass = "hep-ph",
    reportNumber = "CP3-14-70",
    doi = "10.1142/9789814678766_0010",
    pages = "419--476",
    year = "2015"
}

@article{Tancredi:2017onthemaxcut,
   title={On the maximal cut of Feynman integrals and the solution of their differential equations},
   volume={916},
   ISSN={0550-3213},
   url={http://dx.doi.org/10.1016/j.nuclphysb.2016.12.021},
   DOI={10.1016/j.nuclphysb.2016.12.021},
   journal={Nuclear Physics B},
   publisher={Elsevier BV},
   author={Primo, Amedeo and Tancredi, Lorenzo},
   year={2017},
   month={Mar},
   pages={94–116} }

@article{Henn:2014qga,
    author = "Henn, Johannes M.",
    title = "{Lectures on differential equations for Feynman integrals}",
    eprint = "1412.2296",
    archivePrefix = "arXiv",
    primaryClass = "hep-ph",
    doi = "10.1088/1751-8113/48/15/153001",
    journal = "J. Phys. A",
    volume = "48",
    pages = "153001",
    year = "2015"
}

@phdthesis{Dlapa:2022nct,
    author = "Dlapa, Christoph",
    title = "{Algorithms and techniques for finding canonical differential equations of Feynman integrals}",
    doi = "10.5282/edoc.29769",
    school = "Munich U.",
    year = "2022"
}

@article{Dlapa:2020cwj,
    author = "Dlapa, Christoph and Henn, Johannes and Yan, Kai",
    title = "{Deriving canonical differential equations for Feynman integrals from a single uniform weight integral}",
    eprint = "2002.02340",
    archivePrefix = "arXiv",
    primaryClass = "hep-ph",
    reportNumber = "MPP-2020-10",
    doi = "10.1007/JHEP05(2020)025",
    journal = "JHEP",
    volume = "05",
    pages = "025",
    year = "2020"
}

@mastersthesis{Meyer:2018feh,
    author = "Meyer, Christoph",
    title = "{Algorithmic transformation of multi-loop Feynman integrals to a canonical basis}",
    eprint = "1802.02419",
    archivePrefix = "arXiv",
    primaryClass = "hep-ph",
    reportNumber = "HU-EP-18-02",
    doi = "10.18452/18763",
    type = "Other thesis",
    school = "Humboldt U., Berlin",
    month = "1",
    year = "2018"
}

@article{Gituliar:2017vzm,
    author = "Gituliar, Oleksandr and Magerya, Vitaly",
    title = "{Fuchsia: a tool for reducing differential equations for Feynman master integrals to epsilon form}",
    eprint = "1701.04269",
    archivePrefix = "arXiv",
    primaryClass = "hep-ph",
    reportNumber = "DESY-16-219",
    doi = "10.1016/j.cpc.2017.05.004",
    journal = "Comput. Phys. Commun.",
    volume = "219",
    pages = "329--338",
    year = "2017"
}

@article{Lee:2020zfb,
    author = "Lee, Roman N.",
    title = "{Libra: A package for transformation of differential systems for multiloop integrals}",
    eprint = "2012.00279",
    archivePrefix = "arXiv",
    primaryClass = "hep-ph",
    doi = "10.1016/j.cpc.2021.108058",
    journal = "Comput. Phys. Commun.",
    volume = "267",
    pages = "108058",
    year = "2021"
}

@article{Golubeva:1976,
    doi = {10.1070/RM1976v031n02ABEH001487},
    url = {https://dx.doi.org/10.1070/RM1976v031n02ABEH001487},
    year = {1976},
    month = {apr},
    publisher = {},
    volume = {31},
    number = {2},
    pages = {139},
    author = {V A Golubeva},
    title = {Some problems in the analytic theory of feynman integrals},
    journal = {Russian Mathematical Surveys},
}

@article{Bern:1993kr,
    author = "Bern, Zvi and Dixon, Lance J. and Kosower, David A.",
    title = "{Dimensionally regulated pentagon integrals}",
    eprint = "hep-ph/9306240",
    archivePrefix = "arXiv",
    reportNumber = "SLAC-PUB-5947, SACLAY-SPH-T-92-048, UCLA-92-043",
    doi = "10.1016/0550-3213(94)90398-0",
    journal = "Nucl. Phys. B",
    volume = "412",
    pages = "751--816",
    year = "1994"
}

@article{Henn:2013pwa,
    author = "Henn, Johannes M.",
    title = "{Multiloop integrals in dimensional regularization made simple}",
    eprint = "1304.1806",
    archivePrefix = "arXiv",
    primaryClass = "hep-th",
    doi = "10.1103/PhysRevLett.110.251601",
    journal = "Phys. Rev. Lett.",
    volume = "110",
    pages = "251601",
    year = "2013"
}

@article{Kotikov:1990kg,
    author = "Kotikov, A. V.",
    title = "{Differential equations method: New technique for massive Feynman diagrams calculation}",
    reportNumber = "ITF-90-31E",
    doi = "10.1016/0370-2693(91)90413-K",
    journal = "Phys. Lett. B",
    volume = "254",
    pages = "158--164",
    year = "1991"
}

@article{Kotikov:1991314,
    title = {Differential equations method: the calculation of vertex-type Feynman diagrams},
    journal = {Physics Letters B},
    volume = {259},
    number = {3},
    pages = {314-322},
    year = {1991},
    issn = {0370-2693},
    doi = {https://doi.org/10.1016/0370-2693(91)90834-D},
    url = {https://www.sciencedirect.com/science/article/pii/037026939190834D},
    author = {A.V. Kotikov},
}

@article{Gehrmann:1999as,
    author = "Gehrmann, T. and Remiddi, E.",
    title = "{Differential equations for two loop four point functions}",
    eprint = "hep-ph/9912329",
    archivePrefix = "arXiv",
    reportNumber = "TTP-99-49",
    doi = "10.1016/S0550-3213(00)00223-6",
    journal = "Nucl. Phys. B",
    volume = "580",
    pages = "485--518",
    year = "2000"
}

@article{Remiddi:1997ny,
    author = "Remiddi, Ettore",
    title = "{Differential equations for Feynman graph amplitudes}",
    eprint = "hep-th/9711188",
    archivePrefix = "arXiv",
    reportNumber = "DFUB-97-15",
    journal = "Nuovo Cim. A",
    volume = "110",
    pages = "1435--1452",
    year = "1997"
}

%%% generalised series solutions of DEQs

@article{Francesco:2019yqt,
    author = "Moriello, Francesco",
    title = "{Generalised power series expansions for the elliptic planar families of Higgs + jet production at two loops}",
    eprint = "1907.13234",
    archivePrefix = "arXiv",
    primaryClass = "hep-ph",
    doi = "10.1007/JHEP01(2020)150",
    journal = "JHEP",
    volume = "01",
    pages = "150",
    year = "2020"
}

@article{Hidding:2020ytt,
    author = "Hidding, Martijn",
    title = "{DiffExp, a Mathematica package for computing Feynman integrals in terms of one-dimensional series expansions}",
    eprint = "2006.05510",
    archivePrefix = "arXiv",
    primaryClass = "hep-ph",
    doi = "10.1016/j.cpc.2021.108125",
    journal = "Comput. Phys. Commun.",
    volume = "269",
    pages = "108125",
    year = "2021"
}

@article{Bonciani:2021zzf,
    author = "Bonciani, Roberto and Buonocore, Luca and Grazzini, Massimiliano and Kallweit, Stefan and Rana, Narayan and Tramontano, Francesco and Vicini, Alessandro",
    title = "{Mixed strong$-$electroweak corrections to the Drell$-$Yan process}",
    eprint = "2106.11953",
    archivePrefix = "arXiv",
    primaryClass = "hep-ph",
    month = "6",
    year = "2021"
}

@article{Djouadi:1991,
    title = {Production of Higgs bosons in proton colliders. QCD corrections},
    journal = {Physics Letters B},
    volume = {264},
    number = {3},
    pages = {440-446},
    year = {1991},
    issn = {0370-2693},
    doi = {https://doi.org/10.1016/0370-2693(91)90375-Z},
    url = {https://www.sciencedirect.com/science/article/pii/037026939190375Z},
    author = {A. Djouadi and M. Spira and P.M. Zerwas}
}

@article{Wilczek:1977,
  title = {Decays of Heavy Vector Mesons into Higgs Particles},
  author = {Wilczek, Frank},
  journal = {Phys. Rev. Lett.},
  volume = {39},
  issue = {21},
  pages = {1304--1306},
  numpages = {0},
  year = {1977},
  month = {Nov},
  publisher = {American Physical Society},
  doi = {10.1103/PhysRevLett.39.1304},
  url = {https://link.aps.org/doi/10.1103/PhysRevLett.39.1304}
}

@article{Dixon:2004za,
    author = "Dixon, Lance J. and Glover, E. W. Nigel and Khoze, Valentin V.",
    title = "{MHV rules for Higgs plus multi-gluon amplitudes}",
    eprint = "hep-th/0411092",
    archivePrefix = "arXiv",
    reportNumber = "SLAC-PUB-10839, IPPP-04-71, DCPT-04-142",
    doi = "10.1088/1126-6708/2004/12/015",
    journal = "JHEP",
    volume = "12",
    pages = "015",
    year = "2004"
}

@article{Chetyrkin:1997iv,
    author = "Chetyrkin, K. G. and Kniehl, Bernd A. and Steinhauser, M.",
    title = "{Hadronic Higgs decay to order alpha-s**4}",
    eprint = "hep-ph/9705240",
    archivePrefix = "arXiv",
    reportNumber = "MPI-PHT-97-006",
    doi = "10.1103/PhysRevLett.79.353",
    journal = "Phys. Rev. Lett.",
    volume = "79",
    pages = "353--356",
    year = "1997"
}

@article{Mahlon:1993si,
    author = "Mahlon, Gregory",
    title = "{Multi - gluon helicity amplitudes involving a quark loop}",
    eprint = "hep-ph/9312276",
    archivePrefix = "arXiv",
    reportNumber = "FERMILAB-PUB-93-389-T",
    doi = "10.1103/PhysRevD.49.4438",
    journal = "Phys. Rev. D",
    volume = "49",
    pages = "4438--4453",
    year = "1994"
}

@article{Berends:1988759,
    title = {Recursive calculations for processes with n gluons},
    journal = {Nuclear Physics B},
    volume = {306},
    number = {4},
    pages = {759-808},
    year = {1988},
    issn = {0550-3213},
    doi = {https://doi.org/10.1016/0550-3213(88)90442-7},
    url = {https://www.sciencedirect.com/science/article/pii/0550321388904427},
    author = {F.A. Berends and W.T. Giele}
}

@inproceedings{Dixon:1996wi,
    author = "Dixon, Lance J.",
    title = "{Calculating scattering amplitudes efficiently}",
    booktitle = "{Theoretical Advanced Study Institute in Elementary Particle Physics (TASI 95): QCD and Beyond}",
    eprint = "hep-ph/9601359",
    archivePrefix = "arXiv",
    reportNumber = "SLAC-PUB-7106",
    pages = "539--584",
    month = "1",
    year = "1996"
}

@article{Mangano:1990by,
    author = "Mangano, Michelangelo L. and Parke, Stephen J.",
    title = "{Multiparton amplitudes in gauge theories}",
    eprint = "hep-th/0509223",
    archivePrefix = "arXiv",
    reportNumber = "FERMILAB-PUB-90-113-T",
    doi = "10.1016/0370-1573(91)90091-Y",
    journal = "Phys. Rept.",
    volume = "200",
    pages = "301--367",
    year = "1991"
}

@article{Bern:2008qj,
    author = "Bern, Z. and Carrasco, J. J. M. and Johansson, Henrik",
    title = "{New Relations for Gauge-Theory Amplitudes}",
    eprint = "0805.3993",
    archivePrefix = "arXiv",
    primaryClass = "hep-ph",
    reportNumber = "UCLA-07-TEP-15",
    doi = "10.1103/PhysRevD.78.085011",
    journal = "Phys. Rev. D",
    volume = "78",
    pages = "085011",
    year = "2008"
}

@article{Kleiss:1989616,
    title = {Multigluon cross sections and 5-jet production at hadron colliders},
    journal = {Nuclear Physics B},
    volume = {312},
    number = {3},
    pages = {616-644},
    year = {1989},
    issn = {0550-3213},
    doi = {https://doi.org/10.1016/0550-3213(89)90574-9},
    url = {https://www.sciencedirect.com/science/article/pii/0550321389905749},
    author = {Ronald Kleiss and Hans Kuijf},
}

@book{ElvangHuang,
    place={Cambridge}, 
    title={Scattering Amplitudes in Gauge Theory and Gravity}, *DOI={10.1017/CBO9781107706620}, 
    publisher={Cambridge University Press}, 
    author={Elvang, Henriette and Huang, Yu-tin}, 
    year={2015}},

@book{Schwartz,
    author = "Schwartz, Matthew D.",
    isbn = "978-1-107-03473-0",
    publisher = "Cambridge University Press",
    title = "{Quantum Field Theory and the Standard Model}",
    year = "2014"
}

@article{Wilson1973,
   title = {Quantum Field - Theory Models in Less Than 4 Dimensions},
   author = {Wilson, Kenneth G.},
   journal = {Phys. Rev. D},
   volume = {7},
   issue = {10},
   pages = {2911--2926},
   numpages = {0},
   year = {1973},
   month = {May},
   publisher = {American Physical Society},
   doi = {10.1103/PhysRevD.7.2911},
   url = {https://link.aps.org/doi/10.1103/PhysRevD.7.2911}
}

@book{Weinzierl:2022eaz,
    author = "Weinzierl, Stefan",
    title = "{Feynman Integrals}",
    eprint = "2201.03593",
    archivePrefix = "arXiv",
    primaryClass = "hep-th",
    reportNumber = "MITP/22-001",
    doi = "10.1007/978-3-030-99558-4",
    month = "1",
    year = "2022"
}

@phdthesis{Zoia:2021zmb,
    author = "Zoia, Simone",
    title = "{Modern Analytic Methods for Computing Scattering Amplitudes: With Application to Two-Loop Five-Particle Processes}",
    doi = "10.1007/978-3-031-01945-6",
    school = "Aff1= Department of Physics, University of Turin, Turin, Italy, GRID:grid.7605.4, Munich U., Munich U.",
    year = "2022"
}

@article{Gaiotto:2011dt,
    author = "Gaiotto, Davide and Maldacena, Juan and Sever, Amit and Vieira, Pedro",
    title = "{Pulling the straps of polygons}",
    eprint = "1102.0062",
    archivePrefix = "arXiv",
    primaryClass = "hep-th",
    doi = "10.1007/JHEP12(2011)011",
    journal = "JHEP",
    volume = "12",
    pages = "011",
    year = "2011"
}

@article{PhysRevLett.23.1415,
  title = {Very High-Energy Collisions of Hadrons},
  author = {Feynman, Richard P.},
  journal = {Phys. Rev. Lett.},
  volume = {23},
  issue = {24},
  pages = {1415--1417},
  numpages = {0},
  year = {1969},
  month = {Dec},
  publisher = {American Physical Society},
  doi = {10.1103/PhysRevLett.23.1415},
  url = {https://link.aps.org/doi/10.1103/PhysRevLett.23.1415}
}

% PDFs
@article{Hou:2019efy,
    author = "Hou, Tie-Jiun and others",
    title = "{New CTEQ global analysis of quantum chromodynamics with high-precision data from the LHC}",
    eprint = "1912.10053",
    archivePrefix = "arXiv",
    primaryClass = "hep-ph",
    reportNumber = "MSUHEP-19-025, PITT-PACC-1911, SMU-HEP-19-03",
    doi = "10.1103/PhysRevD.103.014013",
    journal = "Phys. Rev. D",
    volume = "103",
    number = "1",
    pages = "014013",
    year = "2021"
}

@article{Alekhin:2017kpj,
    author = {Alekhin, S. and Bl\"umlein, J. and Moch, S. and Placakyte, R.},
    title = "{Parton distribution functions, $\alpha_s$, and heavy-quark masses for LHC Run II}",
    eprint = "1701.05838",
    archivePrefix = "arXiv",
    primaryClass = "hep-ph",
    reportNumber = "DESY-16-179, DO-TH-16-13",
    doi = "10.1103/PhysRevD.96.014011",
    journal = "Phys. Rev. D",
    volume = "96",
    number = "1",
    pages = "014011",
    year = "2017"
}

@article{H1:2015ubc,
    author = "Abramowicz, H. and others",
    collaboration = "H1, ZEUS",
    title = "{Combination of measurements of inclusive deep inelastic ${e^{\pm }p}$ scattering cross sections and QCD analysis of HERA data}",
    eprint = "1506.06042",
    archivePrefix = "arXiv",
    primaryClass = "hep-ex",
    reportNumber = "DESY-15-039",
    doi = "10.1140/epjc/s10052-015-3710-4",
    journal = "Eur. Phys. J. C",
    volume = "75",
    number = "12",
    pages = "580",
    year = "2015"
}

@article{NNPDF:2021uiq,
    author = "Ball, Richard D. and others",
    collaboration = "NNPDF",
    title = "{An open-source machine learning framework for global analyses of parton distributions}",
    eprint = "2109.02671",
    archivePrefix = "arXiv",
    primaryClass = "hep-ph",
    reportNumber = "Edinburgh 2021/13, Nikhef-2021-020, TIF-UNIMI-2021-12",
    doi = "10.1140/epjc/s10052-021-09747-9",
    journal = "Eur. Phys. J. C",
    volume = "81",
    number = "10",
    pages = "958",
    year = "2021"
}

@article{Buckley:2014ana,
    author = {Buckley, Andy and Ferrando, James and Lloyd, Stephen and Nordstr\"om, Karl and Page, Ben and R\"ufenacht, Martin and Sch\"onherr, Marek and Watt, Graeme},
    title = "{LHAPDF6: parton density access in the LHC precision era}",
    eprint = "1412.7420",
    archivePrefix = "arXiv",
    primaryClass = "hep-ph",
    reportNumber = "GLAS-PPE-2014-05, MCNET-14-29, IPPP-14-111, DCPT-14-222",
    doi = "10.1140/epjc/s10052-015-3318-8",
    journal = "Eur. Phys. J. C",
    volume = "75",
    pages = "132",
    year = "2015"
}

%Parton showers, hadronisation, jets
@article{FOX1980285,
title = {A model for parton showers in QCD},
journal = {Nuclear Physics B},
volume = {168},
number = {2},
pages = {285-295},
year = {1980},
issn = {0550-3213},
doi = {https://doi.org/10.1016/0550-3213(80)90111-X},
url = {https://www.sciencedirect.com/science/article/pii/055032138090111X},
author = {Geoffrey C. Fox and Stephen Wolfram},
abstract = {A Monte Carlo model for the development of parton jets in QCD is described. Explicit low-order calculations are supplemented by leading logarithmic approximations for higher orders.}
}

@inproceedings{Hoche:2014rga,
    author = {H\"oche, Stefan},
    title = "{Introduction to parton-shower event generators}",
    booktitle = "{Theoretical Advanced Study Institute in Elementary Particle Physics}: {Journeys Through the Precision Frontier: Amplitudes for Colliders}",
    eprint = "1411.4085",
    archivePrefix = "arXiv",
    primaryClass = "hep-ph",
    reportNumber = "SLAC-PUB-16160",
    doi = "10.1142/9789814678766_0005",
    pages = "235--295",
    year = "2015"
}

@article{Plehn:2009nd,
    author = "Plehn, Tilman",
    title = "{Lectures on LHC Physics}",
    eprint = "0910.4182",
    archivePrefix = "arXiv",
    primaryClass = "hep-ph",
    doi = "10.1007/978-3-642-24040-9",
    journal = "Lect. Notes Phys.",
    volume = "844",
    pages = "1--193",
    year = "2012"
}

%MC event generators
@inproceedings{Campbell:2022qmc,
    author = "Campbell, J. M. and others",
    title = "{Event Generators for High-Energy Physics Experiments}",
    booktitle = "{Snowmass 2021}",
    eprint = "2203.11110",
    archivePrefix = "arXiv",
    primaryClass = "hep-ph",
    reportNumber = "CP3-22-12, DESY-22-042, FERMILAB-PUB-22-116-SCD-T, IPPP/21/51,
  JLAB-PHY-22-3576, KA-TP-04-2022, LA-UR-22-22126, LU-TP-22-12, MCNET-22-04,
  OUTP-22-03P, P3H-22-024, PITT-PACC 2207, UCI-TR-2022-02",
    month = "3",
    year = "2022"
}

@article{Reuschle:2014fya,
    author = "Reuschle, Christian",
    editor = "Fiala, L. and Lokajicek, M. and Tumova, N.",
    title = "{Event simulation for colliders \textemdash{} A basic overview}",
    eprint = "1411.7321",
    archivePrefix = "arXiv",
    primaryClass = "hep-ph",
    doi = "10.1088/1742-6596/608/1/012072",
    journal = "J. Phys. Conf. Ser.",
    volume = "608",
    number = "1",
    pages = "012072",
    year = "2015"
}

@article{bollini1964analytic,
    title={Analytic regularization and the divergences of quantum field theories},
    author={Bollini, Carlos G and Giambiagi, Juan J and Dominguez, A Gonzales},
    journal={Il Nuovo Cimento (1955-1965)},
    volume={31},
    pages={550--561},
    year={1964},
    publisher={Springer}
}

@article{THOOFT1972189,
    title = {Regularization and renormalization of gauge fields},
    journal = {Nuclear Physics B},
    volume = {44},
    number = {1},
    pages = {189-213},
    year = {1972},
    issn = {0550-3213},
    doi = {https://doi.org/10.1016/0550-3213(72)90279-9},
    url = {https://www.sciencedirect.com/science/article/pii/0550321372902799},
    author = {G. {'t Hooft} and M. Veltman}
}

@article{Signer:2008va,
    author = "Signer, Adrian and Stockinger, Dominik",
    title = "{Using Dimensional Reduction for Hadronic Collisions}",
    eprint = "0807.4424",
    archivePrefix = "arXiv",
    primaryClass = "hep-ph",
    reportNumber = "IPPP-08-54, DCPT-08-108",
    doi = "10.1016/j.nuclphysb.2008.09.016",
    journal = "Nucl. Phys. B",
    volume = "808",
    pages = "88--120",
    year = "2009"
}

@article{Gnendiger:2017pys,
    author = "Gnendiger, C. and others",
    title = "{To ${d}$, or not to ${d}$: recent developments and comparisons of regularization schemes}",
    eprint = "1705.01827",
    archivePrefix = "arXiv",
    primaryClass = "hep-ph",
    reportNumber = "PSI-PR-17-06, ZU-TH-10-17, TUM-HEP-1081-17, IFIC-17-17, TIF-UNIMI-2017-4",
    doi = "10.1140/epjc/s10052-017-5023-2",
    journal = "Eur. Phys. J. C",
    volume = "77",
    number = "7",
    pages = "471",
    year = "2017"
}

@article{PhysRevD.2.1541,
    title = {Broken Scale Invariance in Scalar Field Theory},
    author = {Callan, Curtis G.},
    journal = {Phys. Rev. D},
    volume = {2},
    issue = {8},
    pages = {1541--1547},
    numpages = {0},
    year = {1970},
    month = {Oct},
    publisher = {American Physical Society},
    doi = {10.1103/PhysRevD.2.1541},
    url = {https://link.aps.org/doi/10.1103/PhysRevD.2.1541}
}

@article{Symanzik:1970rt,
    author = "Symanzik, K.",
    title = "{Small distance behavior in field theory and power counting}",
    reportNumber = "DESY-70-20",
    doi = "10.1007/BF01649434",
    journal = "Commun. Math. Phys.",
    volume = "18",
    pages = "227--246",
    year = "1970"
}

@article{Baikov:2016tgj,
    author = {Baikov, P. A. and Chetyrkin, K. G. and K\"uhn, J. H.},
    title = "{Five-Loop Running of the QCD coupling constant}",
    eprint = "1606.08659",
    archivePrefix = "arXiv",
    primaryClass = "hep-ph",
    reportNumber = "TTP16-026",
    doi = "10.1103/PhysRevLett.118.082002",
    journal = "Phys. Rev. Lett.",
    volume = "118",
    number = "8",
    pages = "082002",
    year = "2017"
}

@article{10.1063/1.1724268,
    author = {Kinoshita, Toichiro},
    title = "{Mass Singularities of Feynman Amplitudes}",
    journal = {Journal of Mathematical Physics},
    volume = {3},
    number = {4},
    pages = {650-677},
    year = {2004},
    month = {12},
    issn = {0022-2488},
    doi = {10.1063/1.1724268},
    url = {https://doi.org/10.1063/1.1724268},
    eprint = {https://pubs.aip.org/aip/jmp/article-pdf/3/4/650/11042382/650\_1\_online.pdf},
}

@article{PhysRev.133.B1549,
    title = {Degenerate Systems and Mass Singularities},
    author = {Lee, T. D. and Nauenberg, M.},
    journal = {Phys. Rev.},
    volume = {133},
    issue = {6B},
    pages = {B1549--B1562},
    numpages = {0},
    year = {1964},
    month = {Mar},
    publisher = {American Physical Society},
    doi = {10.1103/PhysRev.133.B1549},
    url = {https://link.aps.org/doi/10.1103/PhysRev.133.B1549}
}

% added because of Wyj

@article{Laporta:2000dsw,
    author = "Laporta, S.",
    title = "{High precision calculation of multiloop Feynman integrals by difference equations}",
    eprint = "hep-ph/0102033",
    archivePrefix = "arXiv",
    doi = "10.1142/S0217751X00002159",
    journal = "Int. J. Mod. Phys. A",
    volume = "15",
    pages = "5087--5159",
    year = "2000"
}

%%% Partial fractioning

@misc{DGPS,
    author = {Decker, Wolfram and Greuel, Gert-Martin and Pfister, Gerhard and Sch\"onemann, Hans},
    title = {{\sc Singular} {4-2-1} --- {A} computer algebra system for polynomial computations},
    howpublished = {\href{http://www.singular.uni-kl.de}{http://www.singular.uni-kl.de}},
    year = 2021
}


@article{Bendle:2021ueg,
    author = "Bendle, Dominik and Boehm, Janko and Heymann, Murray and Ma, Rourou and Rahn, Mirko and Ristau, Lukas and Wittmann, Marcel and Wu, Zihao and Zhang, Yang",
    title = "{Two-loop five-point integration-by-parts relations in a usable form}",
    eprint = "2104.06866",
    archivePrefix = "arXiv",
    primaryClass = "hep-ph",
    reportNumber = "PCFT-21-08, USTC-ICTS-21-08",
    month = "4",
    year = "2021"
}


% 2l 5pt amplitudes analytic

@article{DeLaurentis:2020qle,
    author = "De Laurentis, Giuseppe and Ma\^\i{}tre, Daniel",
    title = "{Two-Loop Five-Parton Leading-Colour Finite Remainders in the Spinor-Helicity Formalism}",
    eprint = "2010.14525",
    archivePrefix = "arXiv",
    primaryClass = "hep-ph",
    reportNumber = "FR-PHENO-2020-017, IPPP/20/50",
    doi = "10.1007/JHEP02(2021)016",
    journal = "JHEP",
    volume = "02",
    pages = "016",
    year = "2021"
}

@article{Abreu:2021oya,
    author = "Abreu, S. and Cordero, F. Febres and Ita, H. and Page, B. and Sotnikov, V.",
    title = "{Leading-color two-loop QCD corrections for three-jet production at hadron colliders}",
    eprint = "2102.13609",
    archivePrefix = "arXiv",
    primaryClass = "hep-ph",
    reportNumber = "CERN-TH-2021-023, FR-PHENO-2021-06, MPP-2021-20",
    doi = "10.1007/JHEP07(2021)095",
    journal = "JHEP",
    volume = "07",
    pages = "095",
    year = "2021"
}

% 2l5pt IBPs
@article{Chawdhry:2018awn,
    author = "Chawdhry, Herschel A. and Lim, Matthew A. and Mitov, Alexander",
    title = "{Two-loop five-point massless QCD amplitudes within the integration-by-parts approach}",
    eprint = "1805.09182",
    archivePrefix = "arXiv",
    primaryClass = "hep-ph",
    reportNumber = "Cavendish-HEP-18/11, CAVENDISH-HEP-18-11",
    doi = "10.1103/PhysRevD.99.076011",
    journal = "Phys. Rev. D",
    volume = "99",
    number = "7",
    pages = "076011",
    year = "2019"
}

@article{Abreu:2021asb,
    author = "Abreu, S. and Cordero, F. Febres and Ita, H. and Klinkert, M. and Page, B. and Sotnikov, V.",
    title = "{Leading-Color Two-Loop Amplitudes for Four Partons and a W Boson in QCD}",
    eprint = "2110.07541",
    archivePrefix = "arXiv",
    primaryClass = "hep-ph",
    reportNumber = "CERN-TH-2021-156, FR-PHENO-2021-12, MPP-2021-181",
    month = "10",
    year = "2021"
}

%w+gamma+jet

@article{Campanario:2009um,
    author = "Campanario, F. and Englert, C. and Spannowsky, M. and Zeppenfeld, D.",
    title = "{NLO-QCD corrections to $W \gamma j$ production}",
    eprint = "0908.1638",
    archivePrefix = "arXiv",
    primaryClass = "hep-ph",
    reportNumber = "FTUV-09-2406, KA-TP-08-2009, SFB-CPP-09-54",
    doi = "10.1209/0295-5075/88/11001",
    journal = "EPL",
    volume = "88",
    number = "1",
    pages = "11001",
    year = "2009"
}

@article{Campanario:2010hv,
    author = "Campanario, Francisco and Englert, Christoph and Spannowsky, Michael",
    title = "{Precise predictions for (non-standard) $W \gamma$ + jet production}",
    eprint = "1010.1291",
    archivePrefix = "arXiv",
    primaryClass = "hep-ph",
    reportNumber = "FTUV-10-1004, KA-TP-30-2010, SFB-CPP-10-88",
    doi = "10.1103/PhysRevD.83.074009",
    journal = "Phys. Rev. D",
    volume = "83",
    pages = "074009",
    year = "2011"
}

@article{Campbell:2021mlr,
    author = "Campbell, John M. and De Laurentis, Giuseppe and Ellis, R. Keith and Seth, Satyajit",
    title = "{The pp \textrightarrow{} W(\textrightarrow{} l\ensuremath{\nu}) + \ensuremath{\gamma} process at next-to-next-to-leading order}",
    eprint = "2105.00954",
    archivePrefix = "arXiv",
    primaryClass = "hep-ph",
    reportNumber = "FERMILAB-PUB-21-215-T, FR-PHENO-2020-020, IPPP/20/96",
    doi = "10.1007/JHEP07(2021)079",
    journal = "JHEP",
    volume = "07",
    pages = "079",
    year = "2021"
}


%%% projectors
@article{Peraro:2020sfm,
    author = "Peraro, Tiziano and Tancredi, Lorenzo",
    title = "{Tensor decomposition for bosonic and fermionic scattering amplitudes}",
    eprint = "2012.00820",
    archivePrefix = "arXiv",
    primaryClass = "hep-ph",
    reportNumber = "OUTP-20-14P",
    doi = "10.1103/PhysRevD.103.054042",
    journal = "Phys. Rev. D",
    volume = "103",
    number = "5",
    pages = "054042",
    year = "2021"
}

@article{Peraro:2019cjj,
    author = "Peraro, Tiziano and Tancredi, Lorenzo",
    title = "{Physical projectors for multi-leg helicity amplitudes}",
    eprint = "1906.03298",
    archivePrefix = "arXiv",
    primaryClass = "hep-ph",
    reportNumber = "CERN-TH-2019-087, ZU-TH 30/19",
    doi = "10.1007/JHEP07(2019)114",
    journal = "JHEP",
    volume = "07",
    pages = "114",
    year = "2019"
}

@article{Garland:2002ak,
    author = "Garland, L. W. and Gehrmann, T. and Glover, E. W. Nigel and Koukoutsakis, A. and Remiddi, E.",
    title = "{Two loop QCD helicity amplitudes for $e^+ e^- \to$  three jets}",
    eprint = "hep-ph/0206067",
    archivePrefix = "arXiv",
    reportNumber = "IPPP-02-28, DCPT-02-56, CERN-TH-2002-122",
    doi = "10.1016/S0550-3213(02)00627-2",
    journal = "Nucl. Phys. B",
    volume = "642",
    pages = "227--262",
    year = "2002"
}


@article{Gehrmann:2011ab,
    author = "Gehrmann, Thomas and Tancredi, Lorenzo",
    title = "{Two-loop QCD helicity amplitudes for $q\bar q \to W^\pm \gamma$ and $q\bar q \to Z^0 \gamma$}",
    eprint = "1112.1531",
    archivePrefix = "arXiv",
    primaryClass = "hep-ph",
    reportNumber = "ZU-TH-26-11, ZU-TH 26/11",
    doi = "10.1007/JHEP02(2012)004",
    journal = "JHEP",
    volume = "02",
    pages = "004",
    year = "2012"
}

@article{Grazzini:2015nwa,
    author = "Grazzini, Massimiliano and Kallweit, Stefan and Rathlev, Dirk",
    title = "{$W\gamma$ and $Z\gamma$ production at the LHC in NNLO QCD}",
    eprint = "1504.01330",
    archivePrefix = "arXiv",
    primaryClass = "hep-ph",
    reportNumber = "ZU-TH-04-15, MITP-15-021",
    doi = "10.1007/JHEP07(2015)085",
    journal = "JHEP",
    volume = "07",
    pages = "085",
    year = "2015"
}

@article{Grazzini:2017mhc,
    author = "Grazzini, Massimiliano and Kallweit, Stefan and Wiesemann, Marius",
    title = "{Fully differential NNLO computations with MATRIX}",
    eprint = "1711.06631",
    archivePrefix = "arXiv",
    primaryClass = "hep-ph",
    reportNumber = "ZU-TH-30-17, CERN-TH-2017-232, ZU-TH 30/17",
    doi = "10.1140/epjc/s10052-018-5771-7",
    journal = "Eur. Phys. J. C",
    volume = "78",
    number = "7",
    pages = "537",
    year = "2018"
}

@article{Catani:2007vq,
    author = "Catani, Stefano and Grazzini, Massimiliano",
    title = "{An NNLO subtraction formalism in hadron collisions and its application to Higgs boson production at the LHC}",
    eprint = "hep-ph/0703012",
    archivePrefix = "arXiv",
    doi = "10.1103/PhysRevLett.98.222002",
    journal = "Phys. Rev. Lett.",
    volume = "98",
    pages = "222002",
    year = "2007"
}

@article{CMS:2021cxr,
    author = "Tumasyan, Armen and others",
    collaboration = "CMS",
    title = "{Measurement of W$^\pm\gamma$ differential cross sections in proton-proton collisions at $\sqrt{s}$ = 13 TeV and effective field theory constraints}",
    eprint = "2111.13948",
    archivePrefix = "arXiv",
    primaryClass = "hep-ex",
    reportNumber = "CMS-SMP-20-005, CERN-EP-2021-219",
    month = "11",
    year = "2021"
}

@article{Cridge:2021hfr,
    author = "Cridge, Thomas and Lim, Matthew A. and Nagar, Riccardo",
    title = "{$W\gamma$ production at NNLO+PS accuracy in GENEVA}",
    eprint = "2105.13214",
    archivePrefix = "arXiv",
    primaryClass = "hep-ph",
    month = "5",
    year = "2021"
}

@article{Accomando:2005ra,
    author = "Accomando, E. and Denner, Ansgar and Meier, C.",
    title = "{Electroweak corrections to $W \gamma$ and $Z \gamma$ production at the LHC}",
    eprint = "hep-ph/0509234",
    archivePrefix = "arXiv",
    reportNumber = "PSI-PR-05-09, ZU-TH-18-05, DFTT-30-05",
    doi = "10.1140/epjc/s2006-02521-y",
    journal = "Eur. Phys. J. C",
    volume = "47",
    pages = "125--146",
    year = "2006"
}

@article{Denner:2014bna,
    author = "Denner, Ansgar and Dittmaier, Stefan and Hecht, Markus and Pasold, Christian",
    title = "{NLO QCD and electroweak corrections to $W+\gamma$ production with leptonic W-boson decays}",
    eprint = "1412.7421",
    archivePrefix = "arXiv",
    primaryClass = "hep-ph",
    reportNumber = "FR-PHENO-2014-014",
    doi = "10.1007/JHEP04(2015)018",
    journal = "JHEP",
    volume = "04",
    pages = "018",
    year = "2015"
}

@article{CMS:2011myh,
    author = "Chatrchyan, Serguei and others",
    collaboration = "CMS",
    title = "{Measurement of $W\gamma$ and $Z\gamma$ production in $pp$ collisions at $\sqrt{s} = 7$ TeV}",
    eprint = "1105.2758",
    archivePrefix = "arXiv",
    primaryClass = "hep-ex",
    reportNumber = "CERN-PH-EP-2011-045, CMS-EWK-10-008",
    doi = "10.1016/j.physletb.2011.06.034",
    journal = "Phys. Lett. B",
    volume = "701",
    pages = "535--555",
    year = "2011"
}

@article{CMS:2013ryd,
    author = "Chatrchyan, Serguei and others",
    collaboration = "CMS",
    title = "{Measurement of the $W\gamma$ and $Z\gamma$ Inclusive Cross Sections in $pp$ Collisions at $\sqrt s=7$  TeV and Limits on Anomalous Triple Gauge Boson Couplings}",
    eprint = "1308.6832",
    archivePrefix = "arXiv",
    primaryClass = "hep-ex",
    reportNumber = "CMS-EWK-11-009, CERN-PH-EP-2013-108",
    doi = "10.1103/PhysRevD.89.092005",
    journal = "Phys. Rev. D",
    volume = "89",
    number = "9",
    pages = "092005",
    year = "2014"
}


@article{CMS:2021foa,
    author = "Sirunyan, Albert M and others",
    collaboration = "CMS",
    title = "{Measurement of the W$\gamma$ Production Cross Section in Proton-Proton Collisions at $\sqrt {s}$=13\,\,TeV and Constraints on Effective Field Theory Coefficients}",
    eprint = "2102.02283",
    archivePrefix = "arXiv",
    primaryClass = "hep-ex",
    reportNumber = "CMS-SMP-19-002, CERN-EP-2021-008",
    doi = "10.1103/PhysRevLett.126.252002",
    journal = "Phys. Rev. Lett.",
    volume = "126",
    number = "25",
    pages = "252002",
    year = "2021"
}


@article{ATLAS:2011nmx,
    author = "Aad, Georges and others",
    collaboration = "ATLAS",
    title = "{Measurement of Wgamma and Zgamma production in proton-proton collisions at $\sqrt{s}=7$ TeV with the ATLAS Detector}",
    eprint = "1106.1592",
    archivePrefix = "arXiv",
    primaryClass = "hep-ex",
    doi = "10.1007/JHEP09(2011)072",
    journal = "JHEP",
    volume = "09",
    pages = "072",
    year = "2011"
}

@article{ATLAS:2012bpb,
    author = "Aad, Georges and others",
    collaboration = "ATLAS",
    title = "{Measurement of $W \gamma$ and $Z \gamma$ production cross sections in $pp$ collisions at $\sqrt{s}=7$ TeV and limits on anomalous triple gauge couplings with the ATLAS detector}",
    eprint = "1205.2531",
    archivePrefix = "arXiv",
    primaryClass = "hep-ex",
    reportNumber = "CERN-PH-EP-2012-059",
    doi = "10.1016/j.physletb.2012.09.017",
    journal = "Phys. Lett. B",
    volume = "717",
    pages = "49--69",
    year = "2012"
}

@article{ATLAS:2013way,
    author = "Aad, Georges and others",
    collaboration = "ATLAS",
    title = "{Measurements of $W \gamma$ and $Z \gamma$ production in $pp$ collisions at $\sqrt{s}$=7  TeV with the ATLAS detector at the LHC}",
    eprint = "1302.1283",
    archivePrefix = "arXiv",
    primaryClass = "hep-ex",
    reportNumber = "CERN-PH-EP-2012-345",
    doi = "10.1103/PhysRevD.87.112003",
    journal = "Phys. Rev. D",
    volume = "87",
    number = "11",
    pages = "112003",
    year = "2013",
    note = "[Erratum: Phys.Rev.D 91, 119901 (2015)]"
}

@article{Boughezal:2016wmq,
    author = "Boughezal, Radja and Campbell, John M. and Ellis, R. Keith and Focke, Christfried and Giele, Walter and Liu, Xiaohui and Petriello, Frank and Williams, Ciaran",
    title = "{Color singlet production at NNLO in MCFM}",
    eprint = "1605.08011",
    archivePrefix = "arXiv",
    primaryClass = "hep-ph",
    reportNumber = "FERMILAB-PUB-16-120-T, IPPP-16-32",
    doi = "10.1140/epjc/s10052-016-4558-y",
    journal = "Eur. Phys. J. C",
    volume = "77",
    number = "1",
    pages = "7",
    year = "2017"
}


@article{Boughezal:2015aha,
    author = "Boughezal, Radja and Focke, Christfried and Giele, Walter and Liu, Xiaohui and Petriello, Frank",
    title = "{Higgs boson production in association with a jet at NNLO using jettiness subtraction}",
    eprint = "1505.03893",
    archivePrefix = "arXiv",
    primaryClass = "hep-ph",
    reportNumber = "FERMILAB-PUB-15-210-T",
    doi = "10.1016/j.physletb.2015.06.055",
    journal = "Phys. Lett. B",
    volume = "748",
    pages = "5--8",
    year = "2015"
}

@article{Gaunt:2015pea,
    author = "Gaunt, Jonathan and Stahlhofen, Maximilian and Tackmann, Frank J. and Walsh, Jonathan R.",
    title = "{N-jettiness Subtractions for NNLO QCD Calculations}",
    eprint = "1505.04794",
    archivePrefix = "arXiv",
    primaryClass = "hep-ph",
    reportNumber = "DESY-15-066",
    doi = "10.1007/JHEP09(2015)058",
    journal = "JHEP",
    volume = "09",
    pages = "058",
    year = "2015"
}

@article{Grazzini:2019jkl,
    author = "Grazzini, Massimiliano and Kallweit, S. and Lindert, Jonas M. and Pozzorini, Stefano and Wiesemann, Marius",
    title = "{NNLO QCD + NLO EW with Matrix+OpenLoops: precise predictions for vector-boson pair production}",
    eprint = "1912.00068",
    archivePrefix = "arXiv",
    primaryClass = "hep-ph",
    reportNumber = "MPP-2019-175, ZU-TH 49/19",
    doi = "10.1007/JHEP02(2020)087",
    journal = "JHEP",
    volume = "02",
    pages = "087",
    year = "2020"
}

@article{Abreu:2021smk,
    author = "Abreu, Samuel and Ita, Harald and Page, Ben and Tschernow, Wladimir",
    title = "{Two-Loop Hexa-Box Integrals for Non-Planar Five-Point One-Mass Processes}",
    eprint = "2107.14180",
    archivePrefix = "arXiv",
    primaryClass = "hep-ph",
    month = "7",
    year = "2021"
}

@article{Sjodahl:2012nk,
    author = {Sj\"odahl, Malin},
    title = "{ColorMath - A package for color summed calculations in SU(Nc)}",
    eprint = "1211.2099",
    archivePrefix = "arXiv",
    primaryClass = "hep-ph",
    reportNumber = "LU-TP-12-40, MCNET-13-04",
    doi = "10.1140/epjc/s10052-013-2310-4",
    journal = "Eur. Phys. J. C",
    volume = "73",
    number = "2",
    pages = "2310",
    year = "2013"
}

@article{Agarwal:2021ais,
    author = "Agarwal, Neelima and Magnea, Lorenzo and Signorile-Signorile, Chiara and Tripathi, Anurag",
    title = "{The infrared structure of perturbative gauge theories}",
    eprint = "2112.07099",
    archivePrefix = "arXiv",
    primaryClass = "hep-ph",
    reportNumber = "CERN-TH-2021-145",
    doi = "10.1016/j.physrep.2022.10.001",
    journal = "Phys. Rept.",
    volume = "994",
    pages = "1--120",
    year = "2023"
}

@article{Catani:1996vz,
    author = "Catani, S. and Seymour, M. H.",
    title = "{A General algorithm for calculating jet cross-sections in NLO QCD}",
    eprint = "hep-ph/9605323",
    archivePrefix = "arXiv",
    reportNumber = "CERN-TH-96-029, CERN-TH-96-29",
    doi = "10.1016/S0550-3213(96)00589-5",
    journal = "Nucl. Phys. B",
    volume = "485",
    pages = "291--419",
    year = "1997",
    note = "[Erratum: Nucl.Phys.B 510, 503--504 (1998)]"
}

% Sector decomposition
@article{Binoth:2000ps,
    author = "Binoth, T. and Heinrich, G.",
    title = "{An automatized algorithm to compute infrared divergent multiloop integrals}",
    eprint = "hep-ph/0004013",
    archivePrefix = "arXiv",
    reportNumber = "LAPTH-789-00, LPT-ORSAY-00-37",
    doi = "10.1016/S0550-3213(00)00429-6",
    journal = "Nucl. Phys. B",
    volume = "585",
    pages = "741--759",
    year = "2000"
}

@article{Binoth:2003ak,
    author = "Binoth, T. and Heinrich, G.",
    title = "{Numerical evaluation of multiloop integrals by sector decomposition}",
    eprint = "hep-ph/0305234",
    archivePrefix = "arXiv",
    reportNumber = "EDINBURGH-2003-06, IPPP-03-28, DCPT-03-56",
    doi = "10.1016/j.nuclphysb.2003.12.023",
    journal = "Nucl. Phys. B",
    volume = "680",
    pages = "375--388",
    year = "2004"
}

@article{Bogner:2007cr,
    author = "Bogner, Christian and Weinzierl, Stefan",
    title = "{Resolution of singularities for multi-loop integrals}",
    eprint = "0709.4092",
    archivePrefix = "arXiv",
    primaryClass = "hep-ph",
    doi = "10.1016/j.cpc.2007.11.012",
    journal = "Comput. Phys. Commun.",
    volume = "178",
    pages = "596--610",
    year = "2008"
}

@article{Borowka:2015mxa,
    author = "Borowka, S. and Heinrich, G. and Jones, S. P. and Kerner, M. and Schlenk, J. and Zirke, T.",
    title = "{SecDec-3.0: numerical evaluation of multi-scale integrals beyond one loop}",
    eprint = "1502.06595",
    archivePrefix = "arXiv",
    primaryClass = "hep-ph",
    reportNumber = "FR-PHENO-2015-001, MPP-2015-27, ZU-TH-1-15",
    doi = "10.1016/j.cpc.2015.05.022",
    journal = "Comput. Phys. Commun.",
    volume = "196",
    pages = "470--491",
    year = "2015"
}

@article{Borowka:2017idc,
    author = "Borowka, S. and Heinrich, G. and Jahn, S. and Jones, S. P. and Kerner, M. and Schlenk, J. and Zirke, T.",
    title = "{pySecDec: a toolbox for the numerical evaluation of multi-scale integrals}",
    eprint = "1703.09692",
    archivePrefix = "arXiv",
    primaryClass = "hep-ph",
    reportNumber = "MPP-2017-42, CERN-TH-2017-063, IPPP-17-24",
    doi = "10.1016/j.cpc.2017.09.015",
    journal = "Comput. Phys. Commun.",
    volume = "222",
    pages = "313--326",
    year = "2018"
}

@article{Heinrich:2023til,
    author = "Heinrich, G. and Jones, S. P. and Kerner, M. and Magerya, V. and Olsson, A. and Schlenk, J.",
    title = "{Numerical Scattering Amplitudes with pySecDec}",
    eprint = "2305.19768",
    archivePrefix = "arXiv",
    primaryClass = "hep-ph",
    reportNumber = "KA-TP-09-2023, P3H-23-035, IPPP/23/24",
    month = "5",
    year = "2023"
}

@article{Smirnov:2015mct,
    author = "Smirnov, Alexander V.",
    title = "{FIESTA4: Optimized Feynman integral calculations with GPU support}",
    eprint = "1511.03614",
    archivePrefix = "arXiv",
    primaryClass = "hep-ph",
    reportNumber = "TTP15-036",
    doi = "10.1016/j.cpc.2016.03.013",
    journal = "Comput. Phys. Commun.",
    volume = "204",
    pages = "189--199",
    year = "2016"
}

% Expansion by regions
@article{Beneke:1997zp,
    author = "Beneke, M. and Smirnov, Vladimir A.",
    title = "{Asymptotic expansion of Feynman integrals near threshold}",
    eprint = "hep-ph/9711391",
    archivePrefix = "arXiv",
    reportNumber = "CERN-TH-97-315",
    doi = "10.1016/S0550-3213(98)00138-2",
    journal = "Nucl. Phys. B",
    volume = "522",
    pages = "321--344",
    year = "1998"
}

@article{Smirnov:1998vk,
    author = "Smirnov, Vladimir A. and Rakhmetov, E. R.",
    title = "{The Strategy of regions for asymptotic expansion of two loop vertex Feynman diagrams}",
    eprint = "hep-ph/9812529",
    archivePrefix = "arXiv",
    reportNumber = "NPI-MSU-98-54-555",
    doi = "10.1007/BF02557396",
    journal = "Theor. Math. Phys.",
    volume = "120",
    pages = "870--875",
    year = "1999"
}

@article{Smirnov:1999bza,
    author = "Smirnov, Vladimir A.",
    title = "{Problems of the strategy of regions}",
    eprint = "hep-ph/9907471",
    archivePrefix = "arXiv",
    doi = "10.1016/S0370-2693(99)01061-8",
    journal = "Phys. Lett. B",
    volume = "465",
    pages = "226--234",
    year = "1999"
}


@article{Pak:2010pt,
    author = "Pak, A. and Smirnov, A.",
    title = "{Geometric approach to asymptotic expansion of Feynman integrals}",
    eprint = "1011.4863",
    archivePrefix = "arXiv",
    primaryClass = "hep-ph",
    doi = "10.1140/epjc/s10052-011-1626-1",
    journal = "Eur. Phys. J. C",
    volume = "71",
    pages = "1626",
    year = "2011"
}

@article{Ananthanarayan:2018tog,
    author = "Ananthanarayan, B. and Pal, Abhishek and Ramanan, S. and Sarkar, Ratan",
    title = "{Unveiling Regions in multi-scale Feynman Integrals using Singularities and Power Geometry}",
    eprint = "1810.06270",
    archivePrefix = "arXiv",
    primaryClass = "hep-ph",
    doi = "10.1140/epjc/s10052-019-6533-x",
    journal = "Eur. Phys. J. C",
    volume = "79",
    number = "1",
    pages = "57",
    year = "2019"
}

@article{Jantzen:2011nz,
    author = "Jantzen, Bernd",
    title = "{Foundation and generalization of the expansion by regions}",
    eprint = "1111.2589",
    archivePrefix = "arXiv",
    primaryClass = "hep-ph",
    reportNumber = "TTK-11-53, SFB-CPP-11-61",
    doi = "10.1007/JHEP12(2011)076",
    journal = "JHEP",
    volume = "12",
    pages = "076",
    year = "2011"
}
% Asy2.m
@article{Jantzen:2012mw,
    author = "Jantzen, Bernd and Smirnov, Alexander V. and Smirnov, Vladimir A.",
    title = "{Expansion by regions: revealing potential and Glauber regions automatically}",
    eprint = "1206.0546",
    archivePrefix = "arXiv",
    primaryClass = "hep-ph",
    reportNumber = "TTK-12-21, TTP12-015, SFB-CPP-12-31",
    doi = "10.1140/epjc/s10052-012-2139-2",
    journal = "Eur. Phys. J. C",
    volume = "72",
    pages = "2139",
    year = "2012"
}
% ASPIRE
@article{Ananthanarayan:2020ptw,
    author = "Ananthanarayan, B. and Das, Abhijit B. and Sarkar, Ratan",
    title = "{Asymptotic analysis of Feynman diagrams and their maximal cuts}",
    eprint = "2003.02451",
    archivePrefix = "arXiv",
    primaryClass = "hep-ph",
    doi = "10.1140/epjc/s10052-020-08609-0",
    journal = "Eur. Phys. J. C",
    volume = "80",
    number = "12",
    pages = "1131",
    year = "2020"
}

@article{Heinrich:2021dbf,
    author = {Heinrich, G. and Jahn, S. and Jones, S. P. and Kerner, M. and Langer, F. and Magerya, V. and P\"oldaru, A. and Schlenk, J. and Villa, E.},
    title = "{Expansion by regions with pySecDec}",
    eprint = "2108.10807",
    archivePrefix = "arXiv",
    primaryClass = "hep-ph",
    reportNumber = "KA-TP-19-2021, P3H-21-055, MPP-2021-131, IPPP/21/20, ZU-TH 35/21,
  PSI-PR-21-17",
    doi = "10.1016/j.cpc.2021.108267",
    journal = "Comput. Phys. Commun.",
    volume = "273",
    pages = "108267",
    year = "2022"
}

%Also included in Fiesta4, i.e. Smirnov:2015mct, and asy.m, i.e. Pak:2010pt
expansion by reg
%Lee-Pomeransky representation of Feynman integrals
@article{Lee:2013hzt,
    author = "Lee, Roman N. and Pomeransky, Andrei A.",
    title = "{Critical points and number of master integrals}",
    eprint = "1308.6676",
    archivePrefix = "arXiv",
    primaryClass = "hep-ph",
    doi = "10.1007/JHEP11(2013)165",
    journal = "JHEP",
    volume = "11",
    pages = "165",
    year = "2013"
}

% Auxiliary mass flow
@article{Liu:2017jxz,
    author = "Liu, Xiao and Ma, Yan-Qing and Wang, Chen-Yu",
    title = "{A Systematic and Efficient Method to Compute Multi-loop Master Integrals}",
    eprint = "1711.09572",
    archivePrefix = "arXiv",
    primaryClass = "hep-ph",
    doi = "10.1016/j.physletb.2018.02.026",
    journal = "Phys. Lett. B",
    volume = "779",
    pages = "353--357",
    year = "2018"
}

@article{Liu:2021wks,
    author = "Liu, Xiao and Ma, Yan-Qing",
    title = "{Multiloop corrections for collider processes using auxiliary mass flow}",
    eprint = "2107.01864",
    archivePrefix = "arXiv",
    primaryClass = "hep-ph",
    doi = "10.1103/PhysRevD.105.L051503",
    journal = "Phys. Rev. D",
    volume = "105",
    number = "5",
    pages = "L051503",
    year = "2022"
}

@article{Liu:2022chg,
    author = "Liu, Xiao and Ma, Yan-Qing",
    title = "{AMFlow: A Mathematica package for Feynman integrals computation via auxiliary mass flow}",
    eprint = "2201.11669",
    archivePrefix = "arXiv",
    primaryClass = "hep-ph",
    doi = "10.1016/j.cpc.2022.108565",
    journal = "Comput. Phys. Commun.",
    volume = "283",
    pages = "108565",
    year = "2023"
}
